2582 3950
167 224 207 294 34
512 239 547 285 n.
567 239 639 288 rurs.
661 240 849 308 nuvpnanrs

164 375 226 438 lam
248 377 362 452 senior,
387 377 467 436 cuius
488 375 609 443 barbam
629 385 676 446 tua
699 379 782 442 ianua
803 379 883 440 vidit.
1101 396 1157 452 215

167 457 304 522 'l'estandi
327 477 412 540 quum
434 460 471 520 sit
491 459 646 531 lenonibus
669 470 755 540 atque
777 460 888 548 lanistis

167 542 297 604 Libertas
321 551 350 603 et
372 543 442 618 iuris
463 543 540 612 idem
561 545 708 627 contingat
730 560 849 620 arenae,

165 624 232 693 Nou
253 643 325 686 unus
341 625 394 686 tibi
413 625 514 702 riualis
536 625 691 704 dictabitur
712 625 810 688 heres.
832 657 876 672 -

164 709 245 770 Pone
269 726 385 773 crucem
405 727 504 788 perro.
528 743 570 756 -
588 707 693 772 Meruit
717 727 775 792 quo
798 711 918 773 erimine
941 730 1045 798 serqu

165 790 366 872 Supplicium?
392 793 456 873 quis
476 794 562 871 pestis
584 789 688 870 adest?
710 793 776 872 quiq
797 789 921 854 detulit?
943 794 1020 876 audi,
1099 809 1154 864 tto

164 875 251 937 Nulla
276 894 409 956 amquam
431 876 467 936 de
488 883 582 949 marte
605 874 728 954 hominis
753 878 898 950 cunctatio
924 877 1087 960 longeest.
1111 916 1155 928 —

165 958 189 1019 0
212 960 348 1037 demens,
370 961 409 1033 ita
432 975 536 1024 sertus
557 957 644 1038 heppo
668 955 734 1029 esti
759 959 800 1022 nil
821 959 945 1040 iecerit,
968 972 1049 1026 esto:

164 1043 228 1104 Hoc
248 1043 336 1121 volo,
361 1043 403 1104 sic
424 1039 528 1117 iubeo,
553 1042 590 1114 sit
612 1058 666 1120 pro
688 1043 800 1118 ratione
823 1043 967 1126 voluntas.

164 1125 291 1206 imperat
312 1141 384 1202 ergo
405 1124 486 1195 sirm
510 1124 562 1185 sed
583 1142 652 1202 rpox
674 1124 749 1191 haec
771 1145 862 1206 regna
884 1129 1021 1209 relinquit

163 1209 367 1288 Permutatque
390 1208 492 1273 donus
516 1216 545 1269 et
566 1207 698 1274 stannea
720 1212 858 1284 couterit;
881 1211 947 1278 inde
1098 1227 1154 1284 225

164 1293 272 1353 Avolat
294 1301 324 1352 et
345 1291 435 1370 spreti
457 1292 566 1370 repetit
588 1293 713 1368 vestigia
734 1292 813 1374 lecti.

164 1374 287 1436 Ornatas
308 1373 395 1454 paulo
414 1384 480 1439 ente
501 1374 600 1450 iores,
635 1375 781 1452 pendentia
803 1375 907 1463 linquit

162 1457 237 1519 Vela
258 1457 361 1519 domus
386 1467 414 1527 et
439 1457 533 1525 adhuc
554 1393 664 1531 virisAs
684 1457 714 1538 iq
735 1457 832 1536 limine
853 1479 959 1542 sauppe.

163 1543 213 1602 Sic
236 1543 343 1602 crescit
363 1559 516 1624 numerus,
539 1542 583 1604 sic
607 1543 676 1607 fiunt
700 1551 768 1604 oete
790 1546 884 1604 mariti

164 1623 297 1704 Quinque
320 1643 375 1705 per
397 1633 563 1702 autumnos,
585 1624 667 1686 titulo
687 1644 736 1686 res
758 1625 846 1706 digna
867 1631 1005 1709 sepulcri.
1096 1639 1153 1697 eso

203 1708 396 1787 Desperanda
419 1707 472 1769 tibi
495 1707 576 1778 salva
598 1709 755 1781 eoncordia
778 1728 874 1781 socru.

161 1791 216 1852 lllu
239 1792 327 1853 docet
348 1791 451 1872 spoliis
473 1792 539 1852 nudi
561 1792 692 1871 gaudere
713 1795 821 1862 mariti;

161 1875 215 1937 lllu
240 1873 329 1937 docet
350 1876 447 1936 missis
469 1893 486 1941 a
509 1884 682 1955 corruptore
707 1875 825 1938 tabellis

161 1957 209 2020 Nil
230 1959 303 2020 rude
326 1977 382 2020 uec
404 1957 530 2040 simplex
549 1958 731 2032 rescribere:
754 1960 864 2040 decipit
886 1960 936 2022 ille

163 2039 308 2104 Custodes
329 2051 377 2106 aut
399 2061 468 2106 aere
490 2041 599 2120 domat:
623 2052 691 2105 tune
714 2061 840 2123 corpore
863 2061 934 2105 sano
1096 2055 1149 2120 235

161 2126 295 2187 Advocat
316 2125 506 2205 Archigenen
528 2143 711 2205 onerosaque
733 2126 823 2205 pallia
845 2128 951 2204 iactat..

94 2249 102 2258 -
162 2209 284 2273 Abditas
306 2211 417 2288 interea
439 2210 510 2275 latet
532 2220 561 2272 et
582 2217 713 2288 secretus
736 2210 859 2286 adulter,

161 2293 377 2374 Impatiensque
398 2311 498 2370 morae
522 2293 589 2370 silet
610 2303 640 2365 et
660 2295 812 2372 praeputia
833 2293 920 2354 ducit.
1011 2343 1014 2350 .

161 2376 283 2437 Scilicet
302 2387 482 2457 exspectas,
505 2386 535 2438 ut
553 2378 646 2440 tradat
666 2386 758 2456 prater
779 2376 921 2438 honestos

160 2459 257 2540 Atque
280 2460 354 2524 alios
379 2479 493 2538 recres,
517 2478 600 2542 quam
621 2477 695 2540 ques
715 2458 828 2522 habeti
849 2459 920 2524 utils
941 2479 1030 2542 perro
1094 2473 1149 2528 ato

160 2542 293 2604 Filiolam
312 2548 389 2624 turpi
410 2543 528 2608 vetulae
550 2544 715 2624 producere
737 2552 861 2624 turpem.

160 2626 247 2688 Nulla
268 2627 333 2688 iere
356 2647 443 2702 causa
467 2637 529 2704 est,
552 2630 580 2686 in
601 2646 659 2712 ¹qua
680 2644 739 2687 non
755 2626 862 2690 lomina
880 2628 960 2690 litem

160 2709 294 2771 ldoverit.
336 2712 465 2773 Accusat
485 2709 618 2785 llaniliu,
645 2711 668 2768 si
691 2727 742 2769 rea
764 2728 821 2769 non
843 2719 898 2770 est.

161 2791 344 2874 Gomponunt
364 2797 446 2875 ipsae
466 2810 520 2871 per
541 2810 573 2851 se
595 2791 776 2870 formantque
799 2792 930 2869 libellos,

160 2878 335 2957 Principium
358 2886 445 2955 atque
467 2875 552 2936 locos
575 2871 665 2935 Celso
689 2874 799 2935 dictare
822 2884 951 2955 paratae.
1042 2927 1047 2933 .
1093 2889 1146 2944 245

160 2960 352 3022 Endromidas
374 2958 477 3036 'l'yrias
500 2968 529 3019 et
549 2958 704 3034 femineum
729 2976 845 3020 ceroma

162 3043 234 3119 Quis
255 3041 369 3105 nescit?
390 3042 439 3120 vel
462 3039 526 3122 quis
547 3059 605 3102 non
628 3043 699 3102 vidit
721 3041 840 3104 vulnera
864 3041 944 3122 palil

162 3127 255 3202 Quem
279 3136 362 3187 cavat
386 3127 511 3192 assiduis
533 3123 651 3188 sudibus
675 3135 815 3204 scutoque
839 3126 958 3186 lacessit

161 3212 257 3288 Atque
283 3226 383 3288 ornnes
407 3209 508 3290 implet
531 3227 666 3270 numeros
690 3211 856 3288 dignissima
881 3227 1002 3289 prorsus

160 3293 270 3356 Florali
290 3302 421 3369 matrona
443 3293 526 3370 tuba,
548 3294 602 3353 nisi
624 3295 647 3352 si
670 3294 738 3372 quid
759 3294 787 3352 in
811 3293 861 3354 illo
1093 3305 1147 3358 250

160 3378 287 3439 Pectore
307 3377 372 3456 plus
395 3377 485 3457 agitat
504 3393 653 3456 veraeque
676 3386 792 3461 paratur
813 3394 930 3441 arenae.

162 3459 255 3535 Quem
276 3469 427 3541 praestare
450 3470 549 3541 petest
570 3461 674 3522 mulier
693 3460 808 3538 galeata
827 3461 979 3542 pudorem,

1282 97 1287 184 ⁴

1284 380 1287 530 l
