2582 3950
165 246 216 310 ‘³8
526 258 562 306 n.
585 257 656 306 ron.
675 257 863 308 mvnnums

177 395 284 456 Oscula
309 395 458 456 delectent
479 403 508 453 et
530 395 698 473 desperatio
721 395 840 470 barbae,

175 478 213 540 m
236 478 316 558 quod
338 478 471 540 abortivo
494 494 554 538 non
576 487 626 538 est
645 494 728 556 opus.
765 477 828 538 lule
842 479 978 558 voluptas

175 564 291 624 Summa
312 571 423 639 tamen,
445 562 527 640 quod
545 565 601 623 iam
623 560 720 623 calida·
736 570 845 621 matura
869 563 985 624 iuventa

174 646 294 725 Inguina
321 646 471 708 traduntur
491 645 627 721 medicis,
649 646 712 704 ianu
726 645 850 723 pectine
866 647 961 724 nigro.
1111 659 1167 715 tto
1278 643 1279 716 Ῠ

174 729 256 809 lingo
278 739 467 810 exspectatos
493 747 528 792 ac
549 730 646 788 iussos
669 744 807 788 manere
830 730 952 807 primum

174 814 357 890 l'esticulos,
380 822 534 893 postquam
557 821 724 890 coeperant
739 829 814 873 esse·
827 812 958 890 bilibres,

175 897 316 959 Ponsoris
335 899 438 959 damno
460 905 568 956 tastum
589 897 665 974 sapit
686 895 873 956 llellodorus.

176 979 359 1062 Conspicuus
384 980 474 1057 longe
497 981 667 1057 cunctisque
689 979 935 1041 noteltilisvintrat
1166 1045 1172 1055 ι

173 1066 301 1142 Balnea,
324 1081 379 1124 nec
402 1063 489 1123 dnlsie
513 1062 665 1123 custodem
686 1063 753 1122 vltis
776 1073 806 1123 et
826 1063 903 1125 horti
1110 1073 1164 1129 375

174 1150 335 1224 Provocat,
359 1165 376 1208 a
398 1148 512 1208 domina
532 1146 628 1207 iactus
650 1145 753 1226 spado.
788 1146 919 1209 Dormiat
941 1148 992 1208 ille

175 1231 247 1293 Gom
269 1233 398 1293 domina:
422 1228 475 1291 sed
497 1232 606 1290 nciam
626 1229 743 1307 durum,
768 1228 921 1309 Postume,
944 1233 1059 1310 lampae

174 1315 362 1379 Tondendum
387 1314 520 1375 eunucho
543 1313 690 1374 Biennium
712 1316 899 1376 committere
917 1315 986 1376 noli.

217 1400 249 1460 si
272 1397 382 1476 gaudet
401 1407 503 1474 cantu,
527 1395 644 1459 nullius
654 1397 743 1458 fibula
766 1397 858 1460 durat.

173 1483 290 1544 Vocem
306 1481 462 1542 vendentis
481 1481 681 1560 praetoribns3
705 1498 822 1560 organa>
837 1500 961 1562 semper·
1111 1493 1165 1548 380
1278 1499 1279 1516 r

174 1566 207 1627 ln
231 1565 376 1635 manibus;
403 1566 485 1626 densi
508 1565 627 1626 radiant
643 1566 790 1626 testudine
816 1574 876 1627 tota

175 1649 397 1725 Sardonychem
422 1651 521 1728 crispo
544 1647 730 1710 numerantem
752 1652 871 1729 pectine
893 1650 1035 1728 chordae,

176 1733 242 1808 Quo
264 1743 347 1794 tener
366 1732 548 1809 Hedymeles
568 1750 676 1812 operas
696 1732 793 1794 dedit:
815 1734 892 1794 hunc
913 1743 1011 1810 tenet,
1035 1734 1093 1794 hoc
1115 1753 1149 1794 se

175 1818 294 1879 Solatur
317 1826 466 1896 gratoque
486 1817 620 1895 indulget
637 1816 721 1878 basia
746 1819 872 1897 plectro.

176 1902 330 1977 Quaedam
349 1901 388 1962 de
410 1918 533 1962 ntumern
557 1900 719 1962 Lamiarum
739 1920 774 1962 ac
797 1901 919 1961 nominis
943 1900 1011 1961 Aeli
1112 1911 1164 1966 385

175 1987 213 2047 Et
235 1987 313 2046 farre
336 1994 365 2046 et
386 1986 457 2046 viso
476 1985 574 2046 lanam
593 1985 773 2064 Vestamque
795 1985 929 2062 rogabat,

146 2126 151 2135 ,
175 2071 222 2130 An
246 2068 438 2148 Capitolinam
461 2069 584 2130 deberet
605 2068 700 2129 Pollio
722 2087 862 2146 quercu
933 2089 938 2100 ·

175 2155 304 2234 Sperare
320 2163 365 2213 et·
379 2153 482 2214 fidibus
504 2153 685 2233 promittere.
720 2151 796 2226 outo
817 2153 931 2213 laceret
953 2152 1019 2231 plus

175 2239 365 2315 Aegrotante
378 2233 475 2297 virol‘
487 2238 609 2298 medicis
633 2237 701 2315 quid
722 2236 858 2296 tristibus
877 2253 948 2314 erga

175 2319 331 2382 Pilioluml
356 2323 436 2380 stetit
458 2331 524 2382 ante
545 2338 639 2397 aram,
663 2338 718 2380 uec
739 2329 824 2398 turpe
845 2319 956 2398 putarit
1114 2329 1166 2384 390

176 2406 233 2465 Pro
258 2404 367 2466 cithara
389 2404 494 2466 velare
514 2414 617 2484 capnt,
641 2404 810 2483 dictataque
829 2403 923 2464 verba

176 2487 313 2564 Pertulit,
336 2498 369 2548 ut
387 2505 458 2550 mos·
477 2498 538 2565 est,
564 2498 596 2550 et
616 2497 718 2568 aperta
740 2488 844 2568 palluit
864 2505 948 2566 apua.

176 2573 233 2632 Dic
251 2571 319 2632 milri
340 2590 432 2648 nuuc,
456 2590 586 2652 quaeso,
615 2573 678 2650 dic,
702 2575 903 2651 antiquissime·
920 2570 1024 2646 divum,

177 2655 352 2736 Respondes
375 2655 436 2731 his,
459 2655 528 2716 lane
550 2653 655 2735 pater?
680 2674 784 2732 magna
805 2657 863 2715 otia
888 2655 980 2721 coeli;

177 2739 243 2800 Non
264 2748 325 2816 est,
350 2736 428 2818 quod
447 2740 551 2815 video,
570 2756 629 2798 non
647 2747 693 2798 est
713 2739 791 2816 qnod
809 2745 913 2814 agatur
930 2736 1006 2814 apud
1025 2739 1094 2798 vost
1115 2747 1166 2804 395
1278 2737 1279 2804 i

176 2823 258 2884 llaec
279 2822 316 2883 de
340 2821 488 2883 comoedis
511 2831 540 2882 te
564 2820 701 2889 consulit;
724 2820 775 2881 illa
796 2818 967 2896 tragoedum

179 2905 389 2970 Commendare
413 2905 511 2966 volet:
537 2907 689 2965 varicosus
711 2904 761 2965 liet
780 2903 937 2983 haruspen.

178 2992 238 3054 Sed
264 2998 361 3053 cantet
382 2989 495 3068 potius,
519 3005 604 3066 quarn
626 2997 715 3050 totam
736 2987 873 3067 pervolet
894 2985 995 3048 urlsem

178 3076 282 3137 Audax
306 3082 336 3134 et
359 3080 462 3132 coetus
484 3073 579 3151 possit
601 3090 681 3151 quae·
700 3072 782 3133 lerre
802 3073 929 3133 virorum

180 3157 310 3238 Cumque
331 3154 475 3236 paludatis
498 3156 619 3217 ducibus
642 3165 798 3235 praesente
821 3157 923 3218 marito
1116 3167 1168 3220 too

178 3241 246 3321 Ipsa
272 3240 352 3318 loqui
374 3247 457 3301 recta
480 3240 557 3301 facie
586 3241 732 3322 siccisque
753 3239 898 3302 mamillis.

80 3369 87 3384 .
179 3325 260 3387 llaec
283 3322 385 3384 eadem
406 3325 501 3402 novit,
529 3321 600 3403 quid
618 3333 681 3385 toto
704 3325 804 3386 datin
827 3323 914 3393 orlie;

181 3408 256 3482 Quid
278 3409 384 3484 Seres,
413 3409 491 3486 qutu.
505 3407 635 3470 Thraces
659 3418 760 3488 agenn
783 3418 902 3470 secreta
922 3425 1070 3470 novercae

181 3491 217 3552 itt
241 3492 341 3572 pueri:
367 3493 432 3572 paris
455 3501 548 3572 amet,
574 3495 637 3574 quis
660 3495 810 3574 diripiatur
832 3493 954 3556 adulter.
