2590 3946
517 223 643 272 saurim
666 225 737 273 xvr.
1045 216 1103 276 105

159 365 290 425 Praemia
312 380 387 423 nunc
411 362 467 423 alia
492 372 579 441 atque
602 363 658 425 alia
682 363 874 425 emolumenta
895 376 1026 427 notemus
1069 377 1104 430 35

12 485 13 496 κ
116 451 378 509 Sacrameutorum.
415 444 585 507 Convellem
608 447 682 506 ruris
706 448 774 506 aviti

12 505 13 576 b
115 531 268 610 lmprcbus
291 540 339 592 aut
362 547 493 608 campum
515 530 582 590 mihi
603 532 628 589 si
650 530 761 590 vicinus
784 530 900 607 ademit,

12 579 13 636 ¹
115 613 152 675 Et
175 631 288 675 sacmm
312 612 414 673 effodit
434 612 530 673 medio
552 613 588 673 dc
615 613 704 673 limite
723 631 835 690 saxum,

115 696 200 770 Quod
221 715 286 757 mea
309 715 374 756 cum
407 696 505 774 patulo
532 697 622 758 coluit
651 697 717 776 puls
747 715 838 758 amma
863 695 943 775 lrbc,

114 779 239 840 Debitor
260 789 308 839 aut
331 787 461 857 sumptos
484 782 581 857 pergit
608 797 665 839 non
689 781 816 840 reddere
843 798 983 858 nummos,
1070 791 1104 844 40

115 861 195 923 Vana
218 864 392 942 supervacui
414 863 515 922 dicens
543 863 738 941 chirographa
760 864 846 940 ligni:

116 945 337 1024 Exspectandus
361 948 416 1005 erit
440 947 487 1024 qui
510 946 577 1006 lites
600 945 717 1006 inchoet
740 965 829 1006 annus

114 1029 215 1089 'letius
238 1029 355 1108 populi;
378 1028 429 1088 sed
452 1039 519 1088 tunc
543 1047 660 1108 quoque
679 1029 757 1089 mille
780 1031 900 1090 ferenda

116 1110 240 1188 Taedia,
261 1112 340 1173 mille
360 1130 475 1172 morae:
499 1114 587 1172 toties
611 1111 753 1174 subsellia
775 1121 882 1174 tautum

115 1198 298 1264 Stemuutar3
324 1197 380 1256 iam
402 1196 527 1256 facundo
549 1205 678 1274 ponente
705 1197 838 1258 lacernas
1069 1207 1102 1260 lt

117 1278 256 1340 Caedicio
284 1289 313 1339 ct
335 1277 432 1339 Fusco
457 1281 513 1338 iam
537 1279 719 1340 micturiente
740 1282 833 1358 parati

114 1362 300 1440 Digredimur
323 1362 459 1441 lentaque
482 1361 539 1420 lori
561 1379 722 1440 pugnamus
745 1381 842 1423 arena.

116 1447 169 1506 Ast
190 1446 262 1521 illis,
289 1463 362 1524 quos
384 1463 461 1506 arma
483 1452 585 1522 tegunt
607 1453 637 1506 et
657 1446 772 1507 balteus
795 1444 892 1523 ambit,

116 1529 202 1605 Quod
227 1530 364 1608 placitum
386 1538 431 1589 est
454 1529 525 1607 ipsis
552 1538 717 1608 praestatur
737 1539 851 1610 tempus
877 1532 993 1608 agendi,

115 1612 179 1676 Nec
203 1631 252 1672 res
275 1614 406 1673 atteritur
428 1613 517 1690 longo
540 1613 701 1674 sufflamine
723 1613 791 1674 litis.
1069 1628 1105 1680 50

115 1698 192 1758 Solis
220 1706 375 1776 praeterea
397 1696 522 1756 testandi
542 1697 679 1756 militibus
702 1698 746 1756 ius

115 1781 190 1841 Vivo
214 1789 298 1857 patre
322 1780 420 1852 datur;
443 1797 524 1853 uam,
550 1796 624 1857 quae
650 1789 716 1839 suut
736 1789 819 1858 parta
842 1778 943 1840 labore

115 1863 254 1939 Militiae,
278 1864 387 1941 placuit
409 1880 466 1922 acu
487 1879 556 1921 esse
577 1864 605 1921 in
628 1880 754 1942 corpore
778 1881 894 1938 census,

117 1946 208 2008 Omma
230 1956 311 2007 tenet
338 1948 418 2006 cuius
444 1948 576 2024 regimen
598 1955 691 2024 pater.
732 1945 812 2025 Ergo
837 1944 991 2023 Coranum,

116 2032 270 2108 Signcmm
299 2032 432 2091 comitem
456 2037 677 2108 castrorumque
701 2048 769 2090 aera
793 2039 962 2106 merentem,
1070 2042 1104 2093 55

116 2114 253 2188 Quamvis
277 2117 334 2174 iam
358 2115 498 2174 tremulus
522 2121 619 2198 captat
642 2123 734 2192 pater.
779 2113 862 2174 lluuc
886 2114 969 2174 lavor
992 2132 1103 2192 aequus

116 2197 253 2258 Prcvebit
275 2208 304 2257 et
328 2197 452 2278 pulchro
473 2194 568 2256 reddit
591 2214 642 2257 sua
664 2197 737 2258 doua
763 2197 866 2258 labori.
1016 2208 1023 2218 '

115 2280 210 2358 lpsius
232 2290 312 2341 certe
336 2281 418 2342 ducis
442 2280 500 2341 hcc
524 2279 638 2340 referre
659 2281 784 2357 ridetur,

120 2361 175 2440 Ut,
202 2367 251 2443 qui
272 2364 356 2426 fertis
379 2366 450 2440 erit,
476 2365 513 2424 sit
534 2362 719 2424 lelicissimus
740 2365 828 2441 idem,

71 2501 84 2522 ,
115 2446 155 2506 tlt
180 2447 249 2510 laeti
272 2447 401 2527 phaleris
427 2465 528 2509 omues
551 2454 582 2507 et
602 2448 753 2528 torquibus
779 2465 888 2509 omues.
1069 2457 1104 2512 co
