2582 3950
186 229 259 277 XXX
581 227 786 277 neutonam.

184 376 236 431 369
243 371 324 427 osvli.
334 376 392 435 1⁵9,
404 386 449 426 noo
459 371 507 427 iem
517 371 542 425 in
552 371 613 426 thesi
619 372 705 426 elisum
711 371 797 442 planet
818 369 1011 444 disputatum
1023 371 1125 446 deniquo
1135 383 1160 428 et

184 459 262 526 ipsum
274 455 303 510 ab
314 456 411 526 antiquo
420 461 602 524 errororepoto,
614 455 655 526 qui
662 469 735 526 quum
742 454 839 526 reputo
849 455 878 510 ad
890 454 1066 511 Sthenebooam
1076 457 1160 512 reterri

184 555 233 594 nou
243 537 348 606 odoret,
360 539 493 594 molestum·
499 537 678 608 participiorum
687 552 832 593 oonuumum
847 539 1013 609 quovismodo
1024 539 1099 595 lenire
1108 540 1148 594 rel

184 625 231 679 let:
243 622 458 677 amoutmsumou
476 621 671 691 impersonaiirnu
681 619 805 687 ablativum,
824 621 918 693 qualern
936 621 1161 678 nunoHeinriohius

185 722 258 780 pem
269 703 504 776 mommolus
519 702 657 776 significare
669 703 764 769 statuit,
782 709 823 760 aut
840 703 881 770 (ut
899 706 1024 770 eosdm,
1035 713 1158 777 mmperto.

185 789 279 858 sedito)
291 787 419 858 pmedioati
428 787 509 841 iseum
519 792 600 850 tenet,
611 793 653 841 aut
662 787 683 841 si
693 787 851 858 prosubiooti
864 788 986 852 visisset,
998 788 1026 843 ad
1039 789 1160 860 agendum

185 871 265 942 potius
275 887 346 943 pam
356 871 385 926 ad
396 870 534 940 patiendum
549 875 656 939 spectat,
671 876 699 924 ut
714 871 767 926 Ter.
779 871 838 926 Hes.
850 869 878 926 V.
891 877 916 928 1.
929 877 962 928 10
976 879 1072 943 pmooto
1084 887 1126 941 pro
1137 889 1159 926 se

185 973 246 1011 one
253 959 432 1027 perpessurus,
446 951 496 1008 Ciu
509 951 575 1008 iam.
586 953 630 1007 111.
642 957 659 1010 4
674 953 796 1026 tapeto
812 969 856 1024 pro
872 970 942 1028 puros
956 955 1090 1027 deperoro,
1103 953 1159 1009 Tae.

186 1040 247 1094 hun.
257 1037 300 1092 xl.
318 1043 354 1096 uo
368 1041 501 1107 aspectus
517 1051 564 1106 pro*
574 1042 700 1110 pouepm
718 1037 877 1111 amputavi:
893 1037 956 1108 quod
975 1039 996 1094 si
1011 1044 1094 1094 nostro
1104 1038 1160 1094 loeo

185 1121 291 1180 Phaedra
302 1128 327 1176 ot
340 1118 491 1175 Stheneboea
501 1134 549 1174 uon
559 1120 705 1190 repulerunt,
717 1121 767 1184 sed¹
773 1121 881 1191 rapuisse
891 1127 955 1184 sum,
966 1121 1051 1176 morito
1063 1121 1110 1175 iam
1120 1120 1160 1175 Pi·

185 1205 282 1261 thooaui
292 1209 414 1258 ooneotor
422 1202 518 1274 repulso
527 1203 616 1273 posuit.
624 1233 666 1243 -
677 1201 728 1258 Sat.
738 1203 781 1260 XI.
793 1219 816 1260 v.
827 1207 862 1262 38
872 1220 981 1259 monem
990 1205 1067 1276 vulg..
1080 1204 1159 1259 αιιὶιια

185 1288 251 1343 lnhu.
268 1303 290 1342 o.
306 1284 571 1358 librisdnobueutique
581 1286 694 1350 vetustis,
707 1285 830 1342 Pithoeaui
840 1295 921 1342 tamen
937 1289 1035 1358 ancipiti
1045 1287 1159 1352 subsidio,

186 1369 346 1442 quio...ino
362 1375 456 1424 tautum
476 1369 722 1432 in·rusuraerdribot;
741 1371 854 1444 ambigua
870 1371 946 1442 igitur
964 1371 1160 1442 opteramum

184 1469 229 1524 pro
243 1469 354 1509 monem
369 1453 442 1508 etiam
456 1453 537 1507 iterat.
550 1452 625 1524 Epist.
642 1452 699 1510 ta.
713 1459 752 1512 11,
758 1461 863 1527 pugnet,
876 1455 1000 1526 antiquum
1009 1455 1111 1510 retinere
1123 1460 1161 1508 tu·

184 1537 234 1592 tius
244 1537 318 1602 duxi;
328 1536 580 1608 eademqueeuutiono
589 1553 612 1591 v.
619 1537 696 1596 eron
703 1538 802 1607 sensuri,
814 1538 855 1594 ubi
862 1537 957 1592 Iahnius
963 1537 1086 1594 pithoeani
1095 1538 1161 1592 laon·

185 1634 297 1676 naturam
306 1621 389 1690 mucis
399 1617 590 1685 neovsubstimit:
600 1635 658 1676 mou
668 1627 749 1676 arumna
758 1635 780 1676 v.
789 1625 824 1679 58
834 1621 908 1693 ipsius
918 1621 1066 1676 fundamenti
1076 1627 1160 1676 auoto-

186 1705 281 1759 ritatom
297 1703 323 1758 in
337 1705 381 1759 uod
389 1717 440 1773 pro·
449 1702 575 1759 eiluardus
584 1705 623 1759 uel
641 1709 723 1760 ooutra
738 1703 846 1760 Iahnium
856 1704 971 1766 sustani:
989 1697 1123 1760 ot'tiudie.
1134 1719 1159 1773 p.

186 1791 229 1846 17.
243 1815 280 1826 -
293 1785 320 1841 V.
332 1791 366 1846 99
376 1785 548 1856 spurium-esee
559 1786 709 1843 Heinriohius
722 1787 803 1844 iahnio
814 1788 944 1859 persuasit,
955 1786 1014 1843 mihi
1024 1803 1073 1842 uon
1083 1787 1162 1858 magis

185 1885 257 1942 qnam
277 1885 301 1926 v.
314 1875 377 1932 109.
394 1884 466 1942 quom
482 1871 557 1941 ipsius
573 1870 696 1927 Pithoeani
713 1870 760 1927 fide
770 1887 826 1928 oum
838 1871 975 1928 hehoiutrio
985 1871 1163 1941 transponendo

185 1949 309 2026 languoris
320 1961 385 2010 sento
395 1953 494 2008 erimine
504 1953 618 2010 liberasso
627 1955 686 2011 mihi
696 1955 791 2017 videon
801 1971 847 2010 nee
855 1971 879 2010 r.
888 1960 947 2013 165.
960 1956 1010 2012 166
1021 1953 1163 2010 exturbandi

185 2053 258 2108 pam
267 2037 454 2110 interpungendi
462 2037 607 2094 medicinam
617 2038 729 2095 adhibere
739 2037 819 2105 matut,
831 2055 878 2110 (pao
890 2038 954 2094 fatto
964 2052 1107 2110 magnamm
1119 2037 1162 2091 do-

185 2135 271 2176 muum
282 2121 413 2185 lenocinia,
426 2121 514 2192 quibus
524 2137 556 2175 ne
565 2129 653 2192 nuptas
662 2122 759 2194 quidem
770 2123 817 2177 irui
828 2122 929 2192 pudeat,
945 2120 1042 2176 humilis
1053 2122 1163 2177 fortunae

186 2203 289 2259 eustati
306 2210 355 2258 tam
376 2205 494 2258 oouoiuue
509 2212 674 2274 opponuntur,
694 2211 722 2259 ut
731 2203 768 2258 his
786 2204 872 2260 demtis
883 2204 1163 2260 alterimaesrumentio

185 2287 283 2342 dimidia
291 2287 409 2342 amminis
418 2285 457 2342 sui
466 2294 534 2356 parte
544 2287 646 2343 caritura
658 2288 698 2343 sit.
731 2287 808 2342 Immo
820 2289 841 2342 si
851 2287 907 2360 qnid
917 2287 943 2342 iu
953 2287 1000 2343 hau
1008 2289 1080 2344 satira
1090 2288 1163 2342 iuter·

184 2371 313 2441 potationis
325 2370 487 2442 suspitionem
497 2377 586 2438 movet,
598 2371 646 2426 duo
656 2371 696 2426 illa
705 2369 855 2427 hemistichia
866 2378 929 2436 suut,
941 2385 1030 2442 quaer.
1042 2373 1165 2430 147148

186 2455 398 2518 muoehisnotavi3
411 2469 513 2526 quorum
522 2456 624 2511 otiosam
630 2455 741 2511 duritiem
748 2471 779 2511 uo
784 2455 929 2510 Pithueanus
935 2455 1032 2527 quidem
1042 2455 1069 2509 io
1078 2469 1164 2524 moprto

185 2536 312 2592 scribendo
322 2537 391 2592 udde
400 2539 474 2599 tonitr
487 2545 608 2608 praeterea
618 2540 692 2594 semol
707 2545 799 2594 tantum
810 2539 839 2596 ab
850 2538 898 2594 hoo
907 2537 1006 2594 disoessi
1016 2555 1038 2594 ι.
1052 2542 1111 2603 118,
1122 2535 1163 2591 ubi

185 2620 228 2675 hor
246 2635 290 2688 pro
305 2619 349 2674 too
364 2636 413 2675 uou
429 2618 488 2675 mihi
498 2623 577 2693 magis
595 2637 666 2692 qurum
677 2623 795 2694 plerisque
806 2630 861 2676 auto
871 2621 978 2677 Iahnium
988 2619 1118 2675 editoribus
1125 2621 1165 2674 vol

185 2703 351 2758 sonsusunieo
360 2703 532 2758 tolerarevisus
542 2711 588 2761 est.
597 2731 636 2741 ·-
645 2702 756 2760 Satxll.
767 2721 790 2760 v.
801 2704 865 2768 idei
874 2704 968 2777 quondo
979 2702 1071 2758 Pitho.
1080 2703 1165 2771 pleris-

186 2801 240 2858 que,
252 2803 322 2859 ᾳιιιιιιι
331 2787 426 2860 quoodo
442 2785 508 2841 iahn.
528 2802 549 2841 e.
561 2785 760 2842 Sohurzfleisohio
771 2794 797 2842 et
806 2787 939 2858 Madrrigio;
951 2792 975 2840 at
985 2791 1084 2840 mutuae
1097 2800 1164 2840 oom-

186 2870 283 2938 parandi
298 2871 385 2926 rationi
396 2870 456 2924 haee
466 2885 562 2942 quoque
572 2871 674 2926 inversio
686 2871 812 2938 convenit,
831 2877 871 2934 ut.
889 2869 930 2924 ubi
940 2883 1022 2924 veram
1034 2876 1164 2939 tempesta·

186 2959 235 3007 tom
247 2968 302 3008 eum
313 2954 407 3024 poetioa
418 2956 550 3024 comparari
561 2961 699 3026 exspectes.
712 2953 772 3008 haee
780 2954 861 3024 potius
869 2953 973 3008 meusim
984 2953 1014 3008 ad
1024 2953 1088 3008 iliius
1098 2953 1164 3007 umi-

186 3036 312 3092 litudinom
327 3045 461 3095 revocetur.
483 3065 519 3078 -
540 3038 567 3092 V.
578 3043 621 3098 32.
634 3042 670 3096 33
685 3036 779 3092 amoro
796 3044 821 3092 et
838 3037 955 3110 masenot
965 3036 1037 3104 Pith„
1049 3035 1129 3091 ardori
1140 3045 1165 3090 ot
1276 3060 1277 3100 ι

186 3120 320 3192 nausearet
329 3121 396 3177 Iahn.
409 3121 589 3178 exLaohmeuui
599 3123 736 3177 oonieoture
747 3136 802 3176 oum
813 3122 937 3178 deterioris
948 3121 1051 3176 familiae
1060 3119 1164 3174 lectione
1276 3175 1277 3184 2

186 3204 328 3268 coniuncta:
339 3212 423 3261 neuma
433 3220 490 3260 vero
503 3220 563 3275 opus
574 3221 642 3273 esse,
658 3205 730 3262 modo
740 3203 834 3262 oderis
845 3205 875 3261 ab
888 3205 991 3261 toarno
1001 3203 1068 3275 regi.
1086 3204 1163 3258 inoes-

186 3295 225 3343 too
236 3289 265 3342 ad
271 3289 364 3362 poppis
380 3291 499 3360 pertinere
508 3289 682 3360 intelligamus,
699 3292 747 3345 iam
765 3291 789 3344 in
800 3291 861 3345 Mus.
874 3287 979 3344 Rheuau.
993 3289 1019 3345 T.
1033 3287 1063 3355 ΙΙ,
1075 3303 1098 3357 p.
1111 3290 1164 3345 583

186 3371 275 3434 dosui;
286 3375 347 3428 adde
356 3372 447 3427 Vindio.
462 3387 486 3441 p.
499 3377 541 3430 15.
558 3403 593 3411 —
606 3372 634 3428 V.
646 3377 679 3432 71
690 3373 783 3430 henim
795 3374 874 3436 codd..
885 3371 989 3428 Lavinio
1002 3370 1066 3425 iahn.
1080 3370 1163 3424 eadem

186 3455 302 3526 synizesi‚
318 3469 390 3526 quam
406 3455 505 3528 Vergilii
521 3456 625 3512 editores
640 3457 737 3512 deneid.
754 3457 773 3512 l.
792 3456 963 3527 hprobamut;
973 3460 998 3510 at
1007 3453 1096 3508 ibidem
1107 3452 1163 3507 Ser·

185 3538 239 3593 rius
248 3537 345 3594 Lasiam
355 3539 476 3610 praetulit,
487 3540 539 3595 sire
548 3541 653 3598 maxime
662 3541 714 3612 ipse
723 3540 842 3612 Vergilius
852 3537 957 3594 Lauinio
966 3537 1101 3607 son'pserat,
1113 3536 1161 3592 iam
1276 3585 1277 3630 i
