2590 3946
194 221 234 284 84
515 233 550 278 n.
572 232 644 279 run.
667 230 856 288 ruvnunnrs

195 372 270 447 Quid
292 372 400 431 sentire
420 379 503 448 putas
526 387 644 446 omnes,
667 367 804 445 Calvino,
827 370 940 432 recenti
1169 385 1186 437 5

193 457 238 517 De
262 456 377 516 scelere
401 464 430 514 et
451 453 518 514 lidei
541 453 667 514 violatae
690 451 830 513 crimine?
853 454 907 514 sed
926 472 983 514 nec

194 540 262 601 Tam
282 540 377 598 tenuis
400 555 506 598 census
524 537 575 598 tibi
599 539 736 615 contigit,
758 546 789 598 ut
810 537 968 598 mediocris

192 625 324 684 lacturae
343 632 373 682 te
396 629 509 699 mergat
531 639 619 696 onus,
642 639 697 681 nec
714 621 778 680 rara
800 621 943 698 videmus,

194 707 276 782 Quae
298 707 423 785 pateris;
447 724 532 766 casus
552 705 647 765 multis
670 705 718 764 iric
741 707 874 784 cognitus
898 723 932 766 ac
955 707 1009 766 iam

193 790 288 852 l'ritus
312 798 341 850 et
364 790 499 851 emedio
521 789 654 850 fortunae
677 788 779 850 dactus
799 807 918 850 acervo.
1151 801 1185 854 ιο

192 875 334 937 Ponamus
354 875 457 934 nimios
478 874 618 952 gemitum
640 873 810 952 bagrantior
830 891 924 953 aequo

192 959 257 1020 Non
279 959 368 1020 debet
388 958 473 1018 dolor
495 975 563 1018 esse
581 959 653 1033 viri,
677 975 733 1017 nec
748 957 870 1018 vulnere
889 959 988 1019 maior.

193 1043 235 1104 Tu
255 1043 385 1122 quamvis
408 1042 514 1102 levium
533 1043 675 1102 minimam
697 1043 889 1120 exiguamque
912 1041 1051 1102 malorum

192 1125 365 1187 Particulam
384 1127 433 1184 vix
455 1126 534 1186 ierre
557 1135 659 1205 potes,
683 1124 881 1204 spumantibus
903 1125 1009 1187 ardens

192 1209 382 1283 Visceribus,
404 1227 516 1270 sacrum
537 1210 588 1269 tibi
610 1209 687 1287 quod
709 1225 767 1270 non
788 1209 891 1270 reddat
914 1210 1024 1270 amicus
1150 1218 1184 1272 15
1281 1257 1282 1260 ,

193 1294 376 1372 Depositum.
416 1294 521 1371 Stupet
540 1293 631 1369 haec,
655 1295 702 1371 qui
719 1294 774 1354 iam
795 1302 864 1372 post
882 1301 967 1370 terga
988 1293 1108 1372 reliquit

194 1377 351 1454 Sexaginta
374 1393 483 1452 annos,
506 1375 628 1437 Fonteio
652 1376 773 1436 consule
795 1385 893 1438 natus:

192 1462 240 1521 An
261 1458 330 1519 nibil
352 1461 380 1519 in
402 1459 505 1520 melius
526 1469 569 1520 tot
591 1479 688 1520 rerum
710 1461 826 1538 prolicit
846 1458 921 1522 usui

193 1544 296 1622 lilagna
319 1543 450 1622 quidem,
474 1545 566 1603 sacris
589 1561 663 1622 quae
682 1545 730 1606 dat
752 1553 912 1624 praecepta
935 1544 1054 1621 libellis,

192 1628 306 1688 Victrix
325 1628 458 1686 fortunae
478 1628 635 1705 sapientia;
658 1628 788 1690 ducimus
810 1637 905 1691 autem
1149 1640 1183 1691 aa

193 1711 253 1772 llos
276 1727 392 1791 quoque
414 1709 535 1786 felices,
558 1713 607 1789 qui
628 1713 710 1774 ierre
730 1711 911 1774 incommoda
935 1714 1011 1773 ritae

196 1795 257 1856 Nec
275 1797 384 1855 iactare
404 1795 501 1873 iugum
522 1796 581 1856 vita
602 1797 733 1857 didicere
753 1798 899 1876 magistra.

195 1880 276 1955 Quae
299 1888 357 1939 tarn
378 1879 452 1940 festa
476 1879 555 1956 dies,
579 1889 610 1940 ut
631 1890 730 1942 cesset
755 1881 884 1960 prodere
903 1881 1007 1956 iurem,

194 1963 361 2039 Perfidiam,
388 1963 524 2039 fraudes,
544 1972 631 2043 atque
653 1966 729 2024 omni
751 1983 788 2024 err
811 1965 929 2025 crimine
952 1965 1061 2025 lucrum

194 2047 363 2120 Quaesitum
382 2054 411 2105 et
434 2055 533 2126 partos
555 2047 654 2124 gladio
677 2048 725 2109 vel
748 2048 856 2128 pyxide
877 2045 1029 2109 nummosi
1148 2057 1182 2110 25

193 2131 262 2191 Rari
288 2131 396 2209 qnippe
420 2129 504 2207 boni,
527 2148 647 2191 numero
666 2133 716 2190 vix
738 2140 803 2192 sunt
823 2133 943 2193 totidem
965 2141 1036 2211 quot

194 2213 358 2274 Thebarum
375 2222 478 2292 portae
500 2213 549 2274 vel
567 2214 663 2275 divitis
686 2217 759 2276 ostia
781 2215 848 2275 Nili.

193 2297 276 2358 Nona
300 2307 379 2358 aetas
403 2299 497 2375 agitur
518 2299 679 2377 peioraque
702 2299 802 2359 secula
824 2299 896 2358 terri

194 2380 401 2462 Temporibus,
426 2399 546 2461 quoram
568 2383 677 2443 sceleri
698 2399 757 2443 non
773 2383 883 2444 invenit
905 2383 967 2462 ipsa
1026 2417 1030 2426 ,

193 2465 305 2526 Nomen
327 2472 356 2527 et
378 2485 393 2526 a
413 2465 493 2544 nullo
512 2467 610 2546 posuit
624 2475 724 2528 natura
742 2467 876 2536 metallo;
1150 2475 1185 2528 30

193 2548 255 2608 Nos
275 2548 419 2611 hominnm
441 2550 595 2631 divumque
617 2551 702 2612 iidem
726 2552 854 2614 clamore
879 2553 998 2626 ciectus,

194 2631 308 2705 Quanto
330 2631 494 2693 Faesidium
517 2633 614 2694 laudat
630 2636 742 2696 vocalis
762 2644 897 2712 agentem

195 2715 341 2795 Sportula.
382 2715 452 2789 Dic,
474 2717 573 2774 senior
594 2717 673 2777 hulla
696 2718 883 2793 dignissime,
907 2717 1014 2791 nescis,

195 2798 273 2873 Quas
296 2797 402 2858 babeat
422 2815 547 2857 veneres
571 2799 665 2860 aliena
686 2797 832 2879 pecunia?
853 2802 962 2874 nescis,

195 2883 287 2956 Quem
307 2891 355 2941 tua
379 2881 548 2960 simplicitas
570 2882 657 2941 risum
679 2882 769 2961 vulgo
791 2891 923 2958 moveat,
947 2899 1032 2960 quum
1148 2894 1183 2946 35

194 2965 296 3044 Exigis
316 2983 331 3024 a
355 2983 516 3045 quoquam,
539 2983 576 3025 ne
598 2968 713 3046 peieret
732 2977 761 3027 et
780 2976 863 3046 putet
883 2965 950 3028 ullis

194 3050 270 3110 iisse
291 3049 408 3127 aliquod
431 3067 536 3110 namen
556 3052 672 3131 templis
696 3070 823 3132 araeque
844 3048 981 3112 rubenti?

195 3133 346 3208 Quondam
368 3134 426 3195 hoc
448 3134 601 3213 indigenae
623 3136 761 3197 virebant
782 3152 881 3211 more,
902 3135 1068 3214 priusquam

195 3220 330 3278 Sumeret
348 3227 496 3296 agrestem
515 3220 612 3299 posito
631 3220 793 3282 diademate
813 3220 919 3280 falcem

195 3303 335 3363 Saturnus
358 3303 488 3381 lugiens,
512 3312 596 3379 tnnc,
620 3321 705 3382 quum
727 3302 896 3382 virguncula
918 3302 989 3364 luno
1148 3311 1184 3365 to

195 3385 233 3446 Et
255 3388 382 3466 privatus
406 3385 499 3447 adhuc
522 3386 771 3467 idaeislappiter
792 3389 900 3462 antris,

195 3467 281 3532 Nulla
305 3488 393 3550 super
415 3470 507 3530 nubes
529 3472 661 3532 corrvivia
683 3472 901 3552 coelicolarum,
