2590 3946
182 258 223 320 52
508 272 543 319 n.
565 270 636 319 run.
659 269 846 320 muceranus

223 409 296 483 Quis
317 410 429 486 grenio
449 405 551 469 (leladi
573 407 710 487 doctique
733 409 915 471 Palaemonis
937 408 1031 484 affert,
1118 421 1172 475 215

181 493 324 567 Quantum
345 491 547 569 grammaticus
569 494 671 553 noeroit
688 489 796 553 labori
813 500 848 552 et
862 499 958 553 tamen
980 509 1017 551 ex
1038 492 1097 554 hoo

183 575 392 654 Quodcumque
415 583 461 635 est
482 575 591 654 (minus
613 585 659 635 est
678 584 772 638 autem
794 592 879 653 quam
899 573 1026 636 rhetoris
1048 579 1134 656 aera)

181 658 324 739 Discipuli
347 668 446 719 custos
466 660 653 738 praemordet
673 667 891 720 acoenonoetus
898 680 906 727 ;

181 742 220 805 Et
241 745 290 823 qui
307 744 472 822 dispensat,
493 741 609 821 iroogat
630 741 694 802 sihi.
736 739 834 818 Cede,
856 740 1029 818 Palaemon,

88 857 91 866 =
181 825 219 888 Et
240 836 341 906 patere
361 827 427 886 inde
448 825 556 905 aliquid
580 826 774 901 decrescere,
798 841 857 884 non
873 825 958 886 aliter
980 842 1065 904 quam
1119 837 1174 891 ano

180 910 298 971 Institor
317 909 455 971 hibernas
477 910 586 986 tegetis
607 910 743 988 niveique
765 909 899 976 cadurci;

180 994 342 1056 Dummodo
364 1010 423 1054 non
443 1002 562 1072 pereat,
586 993 699 1054 mediae
719 993 798 1072 quod
818 992 914 1053 noctis
937 991 973 1052 ab
995 991 1066 1054 lsora

181 1078 306 1154 sedisti,
326 1095 382 1156 qua
405 1093 490 1136 nemo
513 1075 613 1152 faber,
635 1094 693 1155 qua
715 1092 800 1136 nemo
819 1076 954 1151 sederet,

180 1162 239 1236 Qui
260 1161 349 1223 docet
368 1159 489 1239 obliquo
511 1160 605 1222 lanam
625 1159 774 1221 deducere
794 1159 891 1228 lerro;

181 1243 342 1306 Dummodo
364 1261 422 1304 non
445 1252 565 1323 pereat,
585 1243 705 1304 totidem
724 1243 865 1304 olieoisse
888 1242 1038 1322 lucernas,
1119 1256 1171 1310 aas

181 1327 261 1401 Quot
280 1327 395 1388 stabant
416 1329 511 1405 pueri,
532 1344 617 1406 quum
638 1335 716 1388 totus
737 1327 861 1389 decolor
883 1334 964 1386 esset

181 1409 305 1472 Flaccus
324 1418 353 1470 et
373 1411 511 1471 haereret
531 1412 615 1487 nigro
633 1410 724 1488 loligo
746 1409 866 1472 llaroni.

181 1493 258 1555 Rara
280 1503 375 1554 tamen
397 1510 528 1569 merces,
551 1511 626 1573 quae
649 1496 815 1572 cognitione
838 1493 944 1555 tribuni

180 1578 247 1638 Non
269 1586 365 1656 egent.
410 1578 471 1638 Sed
489 1594 545 1637 vos
566 1594 670 1638 saevas
692 1580 830 1657 imponite
852 1578 948 1656 leges,

181 1660 220 1722 Ut
241 1663 429 1740 praeceptori
449 1659 605 1722 verborum
626 1662 729 1740 regula
750 1671 874 1739 constet,
1118 1671 1172 1728 2³0

181 1743 220 1806 Ut
240 1745 321 1822 legat
342 1744 493 1822 historias,
515 1754 652 1806 auctores
675 1748 790 1808 noverit
811 1763 913 1809 omues

182 1827 339 1909 Tamquam
360 1847 475 1906 ungues
495 1827 662 1910 digitosque
683 1845 768 1898 suos·;
791 1839 822 1890 ut
839 1828 916 1890 iorte
939 1835 1070 1905 rogatus,

182 1911 257 1973 llum
278 1914 351 1991 petit
372 1921 420 1972 aut
438 1912 565 1976 thermas
586 1921 635 1973 aut
657 1912 769 1974 Phoebi
789 1913 911 1988 balnea,
934 1912 1011 1972 dicat
1038 1951 1040 1956 ,

182 1996 331 2057 Nutricem
351 1996 516 2073 Anchisae,
539 2013 643 2057 nomen
664 1999 844 2076 patriamqne
865 2012 1013 2057 novercae

182 2078 370 2146 Anchemoli:
392 2081 486 2157 dicat,
509 2089 580 2160 quot
600 2081 727 2141 Acestes
747 2082 853 2141 vixerit
873 2081 965 2156 annis,
1117 2091 1169 2145 235

185 2162 264 2238 Quot
284 2162 375 2223 Siculi
397 2163 560 2241 Phrygibus
582 2166 641 2225 uini
665 2164 817 2226 donaverit
837 2181 934 2226 urnas

183 2246 315 2324 llxigite,
339 2255 370 2305 ut
391 2262 488 2308 mores
510 2257 629 2309 teneros
650 2266 704 2308 ceu
727 2247 838 2326 pollice
859 2248 955 2324 ducat,

182 2329 220 2392 Ut
241 2332 266 2390 si
288 2331 441 2409 quiscere
462 2331 571 2394 vultum
588 2333 672 2400 iacit:
696 2332 822 2408 exigite,
846 2341 877 2391 ut
895 2333 932 2391 sit

182 2412 221 2473 Et
242 2423 326 2493 pater
348 2415 439 2494 ipsius
462 2426 582 2491 coetus,
605 2433 641 2475 ne
660 2415 754 2494 turpia
777 2414 885 2492 ludant,

183 2496 228 2556 Ne
247 2498 354 2558 iaciant
375 2497 498 2559 vicibus.
542 2499 608 2560 Nou
630 2508 674 2560 est
696 2499 764 2562 leve
782 2506 826 2560 tot
847 2515 1003 2578 puerorum
1119 2509 1173 2563 240

184 2579 350 2642 Observare
372 2599 473 2643 manus
494 2584 656 2664 oculosque
678 2585 706 2644 iu
727 2583 785 2644 linc
804 2591 971 2644 trementes.

183 2661 279 2740 llaec,
301 2666 407 2744 inquit,
431 2684 516 2727 cura:
539 2668 600 2729 sed»
614 2685 700 2746 quarn
723 2683 756 2726 so
776 2667 898 2728 verterit
917 2683 1017 2741 annus,

184 2747 313 2826 Accipe,
336 2750 441 2811 victori
464 2749 591 2829 populns
613 2750 690 2827 quod
710 2747 853 2828 postolat,
876 2765 984 2809 aurum.

495 3111 734 3179 SAPIRA
761 3109 856 3179 vm.

183 3215 345 3310 Stemmata
368 3245 436 3326 qnid
455 3243 586 3308 iaciunt?
605 3248 673 3326 quid
694 3247 831 3328 prodest,
852 3247 988 3324 Pontice,
1013 3245 1103 3324 longo

183 3331 330 3409 Sanguine
351 3333 481 3405 censeri,
505 3332 602 3411 pictos
622 3332 779 3394 ostendere
799 3331 896 3392 vdtus

182 3414 323 3474 llaiorum
342 3423 373 3475 et
392 3423 503 3478 stantes
522 3417 551 3476 in
573 3416 704 3478 curribus
726 3414 905 3478 Aemilianos

183 3496 221 3557 Et
243 3495 347 3559 Garios
368 3499 424 3560 iarn
440 3499 575 3562 dimidios
594 3499 790 3581 humerosque
811 3502 950 3562 minorem
