2590 3946
441 249 568 298 SATIRA
589 251 647 298 XV.
726 293 741 303 ..

108 391 139 450 Si
165 391 263 448 vivunt
286 387 408 448 omnes?
431 405 504 466 ergo
526 389 622 448 acrior
645 389 786 467 impetus,
811 398 841 448 et
863 390 916 449 iarn

109 475 186 533 Saxa
206 471 349 533 inclinatis
375 490 428 550 per
449 472 563 532 humum
585 473 719 550 quaesita
738 471 855 532 lacertis

107 556 251 634 Incipiunt
273 564 429 633 torquere,
452 555 612 616 domestica
633 556 768 616 seditioni
1074 595 1080 610 .

109 639 198 716 Tela,
222 657 278 698 nec
298 639 373 698 hunc
396 639 536 717 lapidem,
560 639 662 717 quoles
685 648 715 698 ct
736 639 849 698 Turnus
872 647 902 698 et
926 637 1009 712 Aiax,
1058 647 1093 702 65

111 723 164 784 Vel
187 740 246 802 quo
269 721 396 797 Tydides
418 723 563 801 percussit
584 721 716 800 pondere
738 739 841 782 coxam

109 807 244 881 Aeneae,
270 805 323 865 sed
344 824 429 883 quem
450 806 567 866 valcant
588 807 720 866 emittere
745 806 867 866 dextrae

108 890 170 950 lllis
193 888 348 949 dissimiles
372 897 401 948 et
423 897 523 948 nostro
545 898 678 967 tempore
701 897 795 949 natue.

108 973 180 1033 Nam
201 990 293 1049 genus
317 972 374 1031 hoc
396 973 462 1032 vivo
484 973 540 1032 iam
561 971 754 1032 decrescebat
776 971 916 1038 Homero:

109 1056 200 1116 Terra
219 1055 312 1115 malos
334 1055 465 1114 homiues
487 1073 562 1114 nunc
589 1053 694 1116 educat
719 1064 806 1135 atque
829 1054 962 1133 pusillos.
1059 1062 1094 1118 70

109 1138 190 1216 Ergo
217 1138 305 1213 deus,
330 1140 502 1216 quicumque
528 1138 659 1216 aspexit,
684 1139 760 1199 ridet
783 1147 812 1198 et
835 1136 904 1197 odit.

152 1221 381 1283 Adeuerticulo
406 1230 555 1300 repetatur
577 1220 684 1282 iebulu.
720 1222 885 1301 Postquam,

110 1304 251 1366 Subsidiis
274 1306 367 1380 aucti,
391 1323 458 1383 pars
481 1305 573 1366 altera
595 1322 730 1384 promere
753 1306 861 1366 ferrum

110 1389 207 1449 Audet
229 1399 258 1448 et
281 1388 393 1448 infestis
415 1407 540 1468 pugnam
562 1390 722 1450 instaurare
747 1391 875 1468 sagittis:

10 1481 11 1486 ’
110 1473 206 1550 Terga
230 1473 299 1549 luga
323 1471 415 1532 celeri
438 1480 602 1551 praestant,
628 1473 799 1533 instantibus
822 1470 931 1548 Ombis,
1060 1481 1094 1535 75

9 1624 10 1628 Ἰ
111 1557 166 1629 Qui
187 1557 280 1616 vicina
308 1557 407 1617 colunt
429 1555 583 1617 umbrosae
606 1556 733 1633 Tentyra
755 1557 878 1636 palmae.

110 1639 226 1700 Labitur
251 1640 318 1700 hino
344 1639 474 1717 quidam,
502 1641 586 1700 nimia
607 1640 761 1702 formidine
788 1657 901 1701 cursum

9 1707 10 1748 ³
110 1724 328 1802 Praecipitans‚
353 1725 539 1802 capiturque;
566 1732 612 1782 ast
636 1723 767 1784 illumin
790 1724 910 1800 plurima
934 1731 1045 1782 sectum

109 1806 212 1867 Frusta
238 1816 268 1866 et
288 1806 462 1885 particulas,
482 1814 514 1864 ut
539 1806 635 1866 multis
656 1815 785 1866 mortuus
806 1822 878 1864 uuus

8 1941 10 1964 ,
111 1890 284 1966 Sufficeret,
307 1898 397 1951 totum
420 1890 549 1948 corrosis
571 1888 687 1948 ossibus
715 1889 774 1948 edit
1059 1898 1094 1952 80

113 1974 223 2034 Victrix
246 1971 346 2049 turba,
369 1990 425 2032 nec
446 1973 557 2033 ardenti
583 1972 701 2032 decoxit
723 1989 798 2033 aeno

111 2058 170 2116 Aut
190 2056 323 2124 veribus;
347 2057 465 2133 longum
487 2056 674 2134 usqueadeo
696 2055 864 2134 tardumque
886 2057 997 2133 putavit

112 2140 295 2219 Exspectare
318 2141 419 2214 iocos,
445 2149 580 2199 contenta
603 2140 748 2201 cadavere
769 2140 868 2200 crudo.

110 2224 164 2284 llic
184 2224 314 2301 gaudere
337 2223 425 2299 libet,
449 2223 527 2302 quod
549 2240 606 2283 non
629 2223 784 2285 violaverit
805 2224 911 2300 iguem,

112 2307 205 2382 Quem
227 2323 334 2366 summa
361 2307 437 2367 coeli
459 2316 572 2386 raptum
594 2309 631 2367 de
653 2317 737 2386 parte
759 2306 947 2367 Prometheus
1059 2302 1095 2372 8'5

111 2391 236 2450 Donavit
257 2391 359 2459 terris;
383 2391 541 2470 [elemento
565 2391 697 2468 gratulor
719 2399 748 2450 et
769 2399 799 2450 tc

111 2472 266 2533 Exsultare
289 2473 381 2552 reon]
419 2474 478 2534 Sed
501 2477 549 2552 qui
569 2473 704 2540 mordere
726 2473 852 2534 cadaver

112 2558 267 2632 Sustinuit,
290 2557 331 2617 nil
352 2574 483 2635 umquam
505 2557 561 2616 bac
583 2574 670 2616 carno
692 2554 829 2616 libentius
852 2558 926 2624 edit;

111 2639 184 2700 Nam
205 2639 321 2700 scelere
343 2643 372 2700 iu
395 2649 474 2700 tento
496 2659 534 2701 ue
552 2658 676 2721 quaeres
699 2648 729 2699 et
750 2639 864 2702 dubites
886 2659 922 2702 an

112 2725 204 2784 Prima
223 2723 402 2803 voluptatem
422 2724 491 2802 gula
509 2724 649 2794 senserit;
673 2723 788 2784 ultimus
811 2734 907 2786 nutem
994 2771 996 2777 .
1061 2734 1095 2788 90

38 2861 41 2868 .
113 2807 168 2882 Qui
190 2807 285 2883 stetit,
308 2806 460 2887 absumpto
483 2810 538 2869 iarn
560 2817 623 2868 toto
646 2823 791 2887 corpore,
814 2809 907 2870 ductis

113 2890 169 2951 Per
194 2899 300 2950 terram
326 2890 423 2968 digitis
445 2893 552 2972 aliquid
574 2892 611 2952 de
636 2894 776 2974 sanguine
797 2901 904 2969 gustat.

111 2973 280 3050 Vascones,
303 2973 377 3050 lrnec
400 2975 475 3036 lama
499 2984 562 3050 est,
588 2976 732 3035 alimentis
756 2975 860 3034 talibus
887 2975 955 3034 olim

112 3057 281 3118 Produxerc
303 3059 426 3118 animas:
454 3059 506 3120 sed
529 3075 578 3117 res
598 3057 730 3131 diversa,
753 3057 806 3118 sed
832 3058 893 3120 illic

112 3141 258 3201 Fortunae
282 3141 387 3202 invidia
410 3151 454 3202 est
472 3141 677 3219 bellorumque
701 3140 815 3218 ultima,
841 3158 925 3202 casus
1060 3150 1095 3204 95

112 3223 260 3300 Extremi,
284 3225 392 3303 longae
415 3225 476 3288 dira
502 3224 663 3285 obsidionis
685 3232 812 3302 egestas.

112 3307 201 3370 lluius
222 3310 313 3384 euim,
336 3309 414 3388 quod
438 3326 512 3368 nuuc
533 3308 644 3385 agitur,
666 3307 831 3369 miserabile
854 3306 943 3368 debet

112 3389 286 3470 Exemplum
308 3409 376 3450 esse
398 3391 470 3468 cibi,
493 3393 569 3452 sicut
593 3393 680 3452 modo
707 3392 782 3452 dicta
805 3391 872 3452 mibi
893 3407 967 3467 gens

111 3474 182 3536 l’ost
207 3491 307 3535 omues
332 3474 454 3551 herbas,
476 3484 545 3553 post
567 3484 670 3536 cuncta
692 3474 839 3551 animalia,
863 3472 999 3552 quidquid
