2590 3946
217 229 256 290 78
549 239 584 286 o.
607 239 679 288 mn,
702 238 890 287 normannus

215 381 332 443 Sumine
359 397 422 440 oum
443 395 547 456 magno
570 377 655 457 lepus
680 385 767 456 atque
791 395 863 457 aper
885 387 917 438 et
938 397 1088 460 pygargus

214 465 252 527 llt
279 464 434 540 Scythicae
459 461 599 522 volucres
624 470 654 522 et
679 461 928 541 phoenicopterus
954 465 1057 541 ingens

215 549 254 610 llt
276 546 413 609 Gaetulos
437 563 512 620 oren
535 544 637 606 hebeti
655 544 811 606 tamesin
836 545 916 607 lerro
1151 559 1204 614 140

216 631 353 694 (laeditur
379 639 408 690 et
433 639 493 690 totu
518 637 602 690 sonat
621 629 717 690 ulmea
741 645 834 689 coena
857 629 980 692 Subura.

214 715 278 775 Nee
299 715 421 775 frustum
446 731 572 792 capreae
596 711 762 772 subducere
786 731 842 773 nec
867 712 943 774 latus
969 715 1061 774 Afrae
1102 730 1110 736 ’

214 798 303 860 Novit
327 799 389 859 avis
411 805 527 872 noster,
556 795 715 856 tirunculus
742 813 777 856 ac
801 797 881 857 rudis
905 799 981 858 omni

215 882 361 960 l'empore
389 889 418 942 et
444 882 568 958 exiguae
593 880 678 940 furtis
703 879 828 940 imbutus
858 879 978 942 ofellae.

215 965 353 1027 Plebeioe
378 964 487 1025 calices
512 972 542 1024 et
565 964 677 1041 paucis
690 962 805 1023 assibus
827 973 941 1042 emptos
1149 978 1205 1032 145

215 1049 349 1127 Porriget
376 1047 499 1108 incultus
525 1055 707 1126 prensoque
730 1063 746 1106 a
768 1046 880 1124 frigore
904 1057 997 1117 tutum

214 1133 280 1194 Non
300 1132 396 1207 Phryx
424 1125 702 1206 natumnatum
729 1149 746 1190 a
771 1147 915 1208 mangone
939 1131 1048 1210 petitus

215 1217 373 1296 Quisquam
396 1216 465 1275 erit:
487 1216 516 1274 in
535 1213 649 1291 magno}
662 1231 748 1291 quum
770 1230 895 1292 posces,
918 1232 1012 1293 posce
1035 1215 1132 1276 latine.

215 1300 295 1360 Idem
320 1298 433 1359 babitus
460 1299 591 1373 cunctis,
617 1299 693 1356 tonsi
718 1299 850 1375 rectique
874 1299 972 1377 capilli

215 1384 312 1462 Atque
335 1381 423 1443 lnotlie
447 1389 555 1442 tantum
576 1389 700 1459 propter
718 1382 850 1442 convivia
872 1383 950 1460 pexi.
1150 1394 1205 1446 150

215 1467 345 1526 Pastoris
368 1466 430 1525 uluri
449 1463 497 1526 bie
519 1472 565 1523 est
587 1464 679 1540 filins,
705 1464 757 1526 ille
779 1463 907 1526 bubulci.

216 1551 348 1628 Suspirat
374 1548 463 1626 longo
489 1564 549 1606 non
566 1549 658 1608 risam
680 1557 814 1627 tempore
840 1556 971 1624 matrem,

215 1633 253 1694 llt
277 1633 405 1694 casulam
426 1641 455 1691 et
478 1640 564 1691 notos
587 1631 854 1695 biatistlesiulerat
871 1631 994 1707 haedos,

214 1715 334 1794 Ingenui
358 1713 455 1775 vultus
477 1732 553 1794 puer
572 1716 749 1796 ingenuique
770 1715 901 1796 pudoris,

216 1798 325 1873 Quales
351 1817 418 1859 esse
440 1800 543 1874 decet,
567 1815 642 1878 quos
664 1799 770 1861 ardens
792 1815 918 1878 purpura
940 1801 1043 1869 vestit;
1149 1809 1202 1864 155

215 1880 279 1944 Nec
300 1883 462 1963 pupillares
483 1881 580 1942 ‹leiert
604 1885 634 1943 in
660 1883 765 1945 balnea
787 1901 894 1943 raucus

214 1966 396 2043 lecticulos,
418 1983 473 2026 nec
495 1965 648 2028 vellendas
671 1969 726 2027 iarn
750 1965 882 2046 praebuit
904 1965 976 2040 alas,

215 2049 322 2112 crassa
345 2068 401 2111 nec
427 2050 565 2128 opposito
592 2051 715 2129 paritius
736 2051 808 2128 tegit
833 2050 949 2128 inguina
971 2060 1064 2126 gutto.

214 2135 268 2194 llio
294 2134 346 2195 tibi
369 2135 435 2193 rina
457 2133 536 2193 dabit
562 2132 665 2194 diffusa
690 2137 719 2194 in
739 2132 884 2195 montibus
905 2132 976 2210 illis,

214 2219 241 2278 Α
265 2215 368 2296 quibus
391 2218 455 2296 ipse
479 2218 574 2293 venit,
597 2235 719 2297 quorum
742 2218 796 2279 sub
817 2219 930 2278 vertice
956 2219 1039 2288 lusit;
1147 2229 1199 2284 lte

214 2298 345 2380 Namque
367 2319 423 2361 una
443 2309 530 2381 atque
550 2302 652 2362 caulem
675 2310 721 2361 est
741 2301 800 2360 vini
818 2302 911 2380 petria
933 2310 1024 2380 atque
1045 2303 1175 2364 ministri.

213 2385 348 2446 Forsitan
370 2393 545 2464 exspectes,
571 2393 603 2445 ot
628 2383 765 2446 Gaditana
787 2401 895 2446 canoro

214 2466 354 2548 locipiant
378 2470 491 2548 prurire
521 2468 612 2529 cboro
635 2469 797 2550 plausuque
821 2470 964 2547 probatae

215 2552 260 2612 Ad
286 2560 391 2614 terram
411 2552 536 2613 tremulo
563 2553 741 2614 descendant
764 2554 849 2615 clune
873 2551 1012 2633 puelleel

215 2637 357 2715 Spectant
381 2635 439 2696 boc
460 2645 567 2713 nuptae
589 2638 667 2697 iuxta
690 2638 849 2700 recubante
872 2638 985 2710 marito,
1149 2646 1200 2700 155

215 2719 300 2795 Quod
326 2719 433 2800 pudeat
456 2735 574 2779 narrare
599 2721 723 2797 aliquem
745 2720 947 2799 praesentibus
974 2721 1055 2797 ipsis,

214 2804 423 2866 lrritamentum
448 2801 574 2861 Veneris
595 2802 757 2878 languentis
780 2812 810 2861 et
832 2819 917 2863 acres

214 2889 318 2949 Divitis
343 2888 453 2947 urticae
476 2884 583 2962 (maior
604 2893 698 2945 tamen
723 2887 776 2944 ista
798 2884 934 2964 voluptas

215 2971 344 3032 Alterius
364 2986 468 3036 sexus:
495 2968 587 3044 magis
608 2968 659 3028 ille
685 2969 849 3030 extenditur
872 2977 902 3028 et
927 2983 995 3028 mox

215 3055 340 3115 Auribus
361 3063 448 3131 atque
475 3050 568 3110 oculis
591 3061 732 3133 concepta
756 3055 837 3114 urina
854 3053 1017 3132 movetur);
1148 3060 1202 3115 rto

216 3137 281 3198 Non
302 3139 380 3216 cupit
402 3135 456 3196 bas
481 3152 573 3213 nugas
595 3136 709 3198 lrumilis
731 3137 843 3198 (lomus.
880 3137 988 3197 Audiat
1007 3134 1060 3196 ille

215 3221 366 3292 l'estarnm
391 3219 521 3297 crepitus
544 3238 608 3281 eum
632 3220 747 3297 verbis,
771 3221 875 3281 nudum
897 3219 976 3280 olirlo
998 3227 1077 3279 stans

214 3304 339 3365 Fomice
362 3303 535 3381 mancipium
557 3304 661 3384 quibus
682 3305 825 3381 abstinet,
846 3305 898 3367 ille
920 3303 1030 3363 fruatur

215 3388 344 3448 Vocibus
368 3387 508 3449 obscenis
532 3390 666 3468 omnique
687 3389 812 3451 libidinis
834 3397 907 3465 arte,

217 3472 271 3546 Qui
291 3470 551 3534 Lacedaemonium
574 3474 727 3553 pytismate
748 3472 873 3534 lubricat
898 3471 1013 3539 orbem3
1148 3475 1200 3532 115
