2590 3946
211 202 250 265 68
452 215 454 218 ’
554 214 589 261 D.
610 213 682 260 mm.
705 211 891 260 mvuttffls

210 354 263 413 Dis
285 353 336 413 ille
361 353 493 414 adversis
517 353 633 430 genitus
655 353 774 430 latoque
797 351 926 426 sinistro,

211 436 304 510 Quem
325 445 410 514 pater
433 437 562 496 ardentis
582 453 697 498 massae
717 434 838 512 fuligine
859 434 954 514 lippus

210 522 237 580 A
260 519 440 592 carbonaet
461 519 622 598 forcipibus
643 518 815 597 gladiosque
836 528 957 598 parante

210 603 317 664 lncude
342 613 372 664 et
395 602 476 664 luteo
495 602 628 664 Vulcano
652 602 688 663 ad
711 601 830 662 rhetora
851 603 939 662 misit.

251 687 399 747 Bellorum
421 687 560 763 exuuiae,
583 687 690 746 truncis
714 685 801 745 ailixa
821 685 952 764 tropacis

209 771 313 831 lorica
336 779 367 831 et
388 770 481 832 fracta
503 771 539 831 de
562 769 676 832 casside
699 768 822 830 buccula
844 769 975 850 pendens

210 854 247 914 m
270 863 380 915 curtum
400 863 516 915 temone
538 855 634 931 iugum
654 853 808 932 victaeque
831 854 955 913 triremis

212 938 349 1016 Aplustrc
374 946 404 997 et
424 955 534 998 summo
555 939 646 998 tristis
668 938 799 1016 captivus
822 938 850 995 in
872 954 941 998 arcu

208 1021 343 1082 Humanis
363 1023 472 1082 maiora
494 1021 579 1082 bouis
601 1020 765 1082 creduntur.
801 1018 848 1080 Ad
870 1019 927 1081 hcc
953 1039 986 1080 sa

208 1105 355 1166 Romanus
380 1103 540 1184 Graiusque
564 1114 593 1165 et
617 1103 756 1166 barbarus
778 1102 968 1182 induperator

209 1187 323 1249 Erexit:
348 1206 451 1249 causas
475 1189 646 1249 discriminis
670 1197 757 1266 atque
778 1185 888 1248 laboris

208 1270 278 1332 Inde
301 1271 407 1332 hahuit.
445 1271 537 1333 Tanto
559 1273 650 1332 maior
674 1272 768 1332 laurac
792 1273 855 1330 sitis
879 1281 941 1347 est,
965 1287 1049 1350 quam

207 1355 337 1414 Virtutis.
372 1354 444 1428 Quis
465 1356 540 1415 enim
562 1356 695 1415 virtutem
717 1353 901 1436 amplectitur
922 1356 1025 1433 ipsam,

207 1437 338 1498 Praemia
358 1438 383 1497 si
403 1435 523 1499 tollas‘l.
536 1439 656 1517 patriam
679 1447 775 1498 tamen
797 1437 893 1498 obruit
921 1438 990 1500 olim

209 1519 307 1581 Gloria
330 1537 488 1600 paucorum
509 1530 539 1582 et
562 1520 655 1581 landis
676 1521 808 1601 titulique
832 1522 938 1601 cupido

209 1602 330 1665 Haesuri
351 1605 429 1664 saxis
454 1607 582 1665 cinerum
605 1604 789 1682 custodibus,
817 1605 950 1684 adquae

207 1686 395 1747 Discutienda
416 1687 515 1749 valent
538 1687 646 1749 sterilis
668 1689 743 1749 mala
769 1687 876 1760 robora
898 1689 956 1765 lici,
1058 1705 1059 1708 ¹
1142 1702 1190 1756 145

208 1769 447 1850 Quandoquidem
472 1772 538 1833 data
560 1781 625 1832 sunt
648 1773 720 1852 ipsis
743 1789 860 1850 quoque
881 1772 939 1833 lata
966 1772 1119 1853 sepulcris.

207 1854 351 1934 Expende
373 1855 576 1916 Hannibalem:
604 1865 674 1935 quot
694 1855 784 1917 libras
806 1857 834 1914 in
857 1855 931 1915 duce
954 1873 1062 1916 summo

207 1937 362 1999 Invenies?
389 1938 438 1999 hic
460 1949 520 2016 est,
543 1957 629 2019 quem
652 1957 711 2000 non
734 1939 812 2019 capit
833 1937 933 2000 Africa
955 1938 1055 2000 dlauro

206 2021 350 2083 Percussa
372 2021 491 2084 Oceano
513 2022 639 2102 Niloque
664 2023 778 2084 admota
801 2023 922 2101 tepenti,

206 2105 316 2166 Rursus
341 2105 378 2166 ad
401 2107 579 2186 Aethiopum
599 2107 726 2186 populos
749 2107 884 2185 altosque
904 2106 1086 2186 elephantos.
1141 2122 1190 2173 150

206 2188 329 2249 Additur
357 2190 485 2269 imperiis
507 2188 661 2269 Hispania,
683 2189 863 2265 Pyrenaeum

206 2271 356 2342 l'ransilit;
380 2275 518 2353 opposuit
540 2283 639 2334 natura
660 2272 825 2352 Alpemque
847 2274 1017 2356 niuemque:

205 2355 322 2416 Diducit
343 2357 485 2436 scopulus
508 2367 537 2418 et
558 2366 684 2418 montem
704 2358 810 2435 rumpit
834 2365 929 2418 aceto.

205 2437 264 2499 Iam
289 2449 370 2500 tenet
390 2439 515 2510 ltaliam;
542 2451 638 2502 tamen
658 2440 741 2502 ultra.
758 2459 885 2521 pergere
909 2441 1015 2502 tendit:

205 2522 327 2599 Actum,
350 2525 457 2602 iuquit,
478 2523 547 2586 nihil
576 2535 638 2602 est,
660 2525 715 2586 nisi
735 2525 835 2586 Poeno
857 2524 947 2585 milite
970 2534 1070 2603 portas
1140 2535 1192 2590 155

204 2605 373 2684 Frangimus
398 2618 427 2668 et
449 2609 544 2669 media
566 2608 705 2669 vexillum
728 2626 805 2688 pono
829 2609 951 2670 Subura.

205 2687 230 2748 0
253 2691 346 2769 qualis
370 2691 462 2751 iacies
485 2700 514 2762 et
535 2691 613 2768 quali
639 2691 725 2766 digna
746 2690 865 2766 tabella,

205 2773 298 2845 Quum
322 2773 441 2835 Gaetula
466 2775 570 2834 ducem
592 2782 723 2850 portaret
743 2772 842 2832 bellua
868 2772 992 2833 luscum!

204 2855 307 2917 Exitus
330 2873 402 2933 ergo
426 2857 491 2935 quis
512 2853 578 2914 cst?
603 2873 621 2914 o
643 2855 751 2932 gloria!
774 2855 896 2916 vincitur
918 2855 994 2916 idem

203 2937 316 3018 Nempe
339 2947 368 2997 et
388 2940 416 2997 in
436 2936 552 2998 exilium
576 2956 722 3018 praeceps
742 2938 816 3017 fugit
836 2948 922 3018 atque
939 2938 982 2999 ihi
1003 2957 1123 3018 magnus
1139 2952 1193 3005 160

202 3021 407 3099 llirandusque
434 3020 526 3080 cliens
553 3023 637 3083 sedet
662 3023 700 3084 ad
719 3024 865 3101 praetoria
890 3024 981 3102 regis,

202 3102 306 3164 Donec
327 3102 451 3179 Bithyno
476 3103 568 3166 libeat
590 3105 712 3185 uigilare
738 3116 869 3182 tyranno.

202 3187 302 3246 Finem
323 3188 452 3264 animae,
479 3207 553 3268 quae
579 3209 628 3250 res
652 3190 789 3251 humanas
815 3191 930 3252 miscuit
951 3192 1030 3266 olim,

202 3270 267 3330 Non
292 3270 400 3348 gladii,
425 3290 482 3332 non
505 3274 716 3350 suadebunt,
740 3293 797 3334 nec
819 3275 894 3350 tela,
923 3275 975 3336 sed
998 3274 1049 3335 ille
1283 3333 1284 3340 ,

203 3352 363 3414 Cannarum
388 3355 497 3418 vindex
524 3366 553 3417 ct
577 3359 646 3418 tanti
673 3359 818 3436 sanguinis
840 3357 917 3420 ultor
1139 3367 1190 3420 165
1283 3371 1284 3438 ᾗ

203 3437 340 3498 Annulus.
378 3438 391 3498 l
416 3441 537 3501 demens
560 3449 590 3500 et
616 3459 720 3502 saevas
741 3460 825 3504 curre
850 3461 905 3523 per
929 3441 1033 3521 Alpes,
