2582 3950
494 257 622 306 suusne
644 256 693 305 vr.
1067 245 1107 308 ab

114 395 199 470 Quae
223 395 297 473 lugit
319 415 335 456 a
358 393 453 456 sexu?
486 395 574 456 Vires
597 392 693 456 amet?
714 394 792 456 baec
813 405 909 459 tameo
930 399 996 476 ipsu

112 480 168 540 Vir
188 479 281 541 nollet
303 479 380 548 lieri;
404 495 470 540 nam
489 478 628 556 quantulo
649 486 749 539 noetm
771 481 921 560 voluptas!

115 562 210 637 Quale
233 562 324 623 decus
347 579 459 638 rerum,
484 563 509 621 si
532 563 665 639 coniugis
688 564 786 624 unctio
807 563 867 639 lat,
1050 577 1107 630 uss

113 646 233 708 Balteus
257 654 287 707 et
307 647 438 706 manicae
461 653 492 706 et
511 647 620 706 cristae
643 646 796 724 crurisque
816 648 926 708 sinistri

114 730 269 792 Dimidium
295 730 435 806 tegimem
458 727 507 788 sel
531 730 557 789 si
576 728 694 789 diversa
716 729 845 791 movebit

114 813 251 890 Proelia,
274 822 303 873 tu
325 812 414 889 ielin,
438 827 543 874 ocreas
564 812 712 874 vendente
733 813 851 891 puella!
973 861 975 868 .

113 897 176 958 llae
199 905 282 971 sunt,
307 913 383 974 quac
409 897 488 959 tonui
510 895 613 958 suumn
634 897 663 956 in
686 895 826 971 menne,
851 915 970 977 qnannrn

113 980 246 1042 Delicias
268 989 298 1039 et
319 979 491 1058 panniculus
514 979 706 1054 bombycinus
727 978 805 1040 uriti
967 977 980 1002 ⁸
1050 992 1108 1047 4ιθο

114 1064 243 1143 Aspice,
267 1080 326 1142 quo
349 1063 464 1141 fremitu
486 1072 664 1126 monstratos
687 1063 819 1142 perierat
839 1065 925 1140 ictus,

113 1147 152 1209 llt
175 1155 282 1228 quanto
305 1146 412 1225 geleae
437 1157 574 1210 curvetur
594 1148 748 1225 pondere,
770 1157 876 1226 quanta

113 1231 277 1311 Poplitibns
299 1231 404 1295 sedent
427 1247 511 1310 quen
532 1231 625 1296 denso
647 1232 739 1294 fascia
764 1230 851 1308 libro,

113 1315 152 1377 lit
175 1314 254 1391 ride,
277 1315 382 1394 positis
404 1313 554 1394 scepluinm
575 1333 662 1395 quum
684 1315 805 1376 sumitur
826 1317 923 1377 armis.

113 1399 212 1460 Dicite
233 1415 287 1458 vos
311 1407 416 1477 neptes
436 1395 538 1477 Lepidi
560 1400 680 1462 caecive
701 1396 827 1474 lietelli,
1035 1411 1107 1466 'nob

114 1483 243 1560 Gurgitis
264 1491 313 1546 aut
335 1481 433 1558 Fabii,
458 1499 533 1562 quoe
553 1482 630 1544 ludia
651 1485 807 1562 sumpserit
825 1499 958 1564 umquem

114 1567 175 1628 llos
199 1565 328 1636 habitns;
353 1565 468 1646 quaudo
491 1566 528 1628 ad
549 1566 646 1645 palum
668 1576 766 1644 gemat
788 1584 865 1628 uxor
885 1566 991 1644 Asyli?

158 1649 282 1730 Semper
302 1649 391 1711 bubet
413 1649 480 1712 litos
504 1649 673 1728 alternaque
696 1652 791 1729 iurgia
813 1651 920 1728 lectus,

113 1735 146 1795 ln
168 1751 226 1813 quo
248 1741 335 1813 nupta
357 1733 614 1801 inoenninimom
635 1734 823 1796 dormitorio
845 1736 908 1798 illo.

115 1817 210 1892 Quum
231 1818 329 1894 gravis
351 1816 402 1878 illa
424 1818 506 1893 viro,
530 1825 598 1880 tuuc
621 1816 694 1877 orbn
714 1818 821 1895 tigride
843 1821 928 1898 peior
1055 1828 1108 1884 utu

90 1901 222 1981 „lenum
245 1899 361 1961 simulat
381 1899 506 1978 gemitus
527 1900 635 1964 occulti
658 1901 777 1962 conscia
799 1901 899 1980 iacti,]

114 1985 173 2045 Ant
196 1985 257 2045 odit
278 2000 404 2064 pueros,
431 1991 479 2047 eut
500 1983 568 2044 lictu
594 1981 704 2061 pellice
726 1983 835 2062 plorat,

113 2067 260 2128 Uberibus
283 2085 401 2146 semper
421 2066 547 2130 lacrimis
570 2083 746 2145 semperque
767 2068 876 2145 paratis

113 2150 147 2211 ln
168 2153 294 2212 statione
316 2168 368 2211 soa
390 2159 479 2230 utque
500 2150 738 2230 exspectantibus
760 2150 858 2235 illam,

114 2233 180 2308 Quo
206 2234 305 2296 iubeat
327 2253 444 2296 manare
464 2235 567 2299 modu:
591 2245 621 2298 tu
644 2233 740 2296 credis
762 2251 901 2311 amoram,
1055 2244 1106 2299 276

115 2316 157 2378 l'n
180 2318 231 2379 tibi
256 2327 324 2380 tuno
346 2318 444 2386 Uruce
467 2319 569 2398 planes
591 2318 749 2397 fletumque
772 2317 889 2382 labellis

114 2400 284 2477 Exsorbes,
307 2420 382 2481 quae
404 2403 513 2480 scripto
536 2412 567 2464 et
589 2411 661 2480 quot
682 2401 795 2462 lecture
818 2399 954 2477 tabellas,

114 2486 145 2545 Si
167 2485 218 2545 tibi
240 2484 396 2564 zelotypae
417 2494 588 2562 retegantur
609 2485 714 2546 serinia
738 2483 895 2547 moeobae!

114 2568 174 2630 Sed
200 2571 277 2628 iacet
296 2569 324 2626 in
350 2569 429 2629 servi
451 2567 654 2648 oonpleribns
679 2577 728 2629 aut
750 2569 872 2648 equitie;
895 2565 953 2645 dio,

113 2652 169 2713 llio
192 2650 334 2730 aliquem,
358 2651 465 2727 sodes,
488 2652 553 2728 bio,
577 2651 769 2728 Quintiliane,
794 2652 940 2715 colorem!
1053 2663 1106 2718 bio

113 2735 289 2804 Haeremus;
313 2735 360 2796 dio
381 2735 458 2816 ipsa!
471 2753 519 2786 -··
537 2734 612 2798 Olim
633 2745 826 2814 convenerat,
850 2738 951 2816 inquit,

112 2819 151 2880 Ut
175 2819 292 2880 iaceres
315 2829 361 2896 tu,
384 2820 461 2900 quod
483 2820 596 2898 uelles,
619 2837 675 2883 neo
698 2839 756 2881 non
779 2838 837 2899 ego
860 2837 980 2900 possem

112 2901 270 2981 Indulgere
293 2903 376 2965 milri:
403 2904 511 2967 clames
534 2905 604 2966 lieet
626 2914 656 2965 et
677 2923 757 2968 mure
780 2904 868 2966 coelo

115 2984 298 3064 Goninodas,
322 2987 408 3048 homo
431 3007 502 3052 sum.
528 3023 571 3036 -
593 2986 671 3048 Nihil
694 2997 740 3048 est
762 2987 899 3049 eudaoius
921 2986 979 3050 illis

113 3069 292 3148 Deprensis:
320 3073 390 3132 iram
414 3079 501 3151 atquo
526 3072 636 3131 animos
662 3090 678 3130 e
703 3071 821 3131 crimine
843 3078 966 3131 sumunt.
1053 3081 1104 3136 285

155 3152 239 3215 Unde
261 3154 336 3216 baec
357 3163 601 3216 monstratameu
626 3153 674 3214 vel
697 3153 804 3232 quode
827 3153 926 3230 lonte,
948 3153 1093 3234 requiris?

113 3236 284 3299 Praestabat
310 3247 406 3300 castas
428 3238 542 3300 humilis
563 3234 678 3298 fortuna
702 3236 814 3300 Latium

116 3317 284 3397 Quondam,
306 3339 362 3382 neo
383 3323 459 3384 vitiis
483 3322 611 3400 contingi
634 3339 722 3400 parua
746 3322 880 3384 sinebant

115 3401 205 3466 Teuta
227 3405 312 3466 labor
333 3407 484 3486 somnique
504 3405 612 3468 breves
635 3414 666 3469 et
694 3405 804 3468 vellere
825 3405 922 3468 Tusco

114 3487 247 3552 Vexatae
269 3489 418 3567 duraeque
437 3507 537 3550 manus
562 3490 768 3569 nupserimus
792 3488 868 3633 urbi3
883 3569 898 3607 *
1051 3499 1103 3554 290
