2582 3950
192 257 255 307 nv
577 258 784 307 PRAEFATIO.

192 403 422 475 interpellatiombus
432 411 554 476 tamquam
564 402 652 476 tragici
663 401 732 459 chori
746 404 845 459 canticis
855 401 992 473 distinguit.
1013 399 1114 456 Summa
1124 400 1178 473 igr-

192 495 232 542 tur
242 487 378 560 argumenti
395 489 462 561 quasi
476 487 579 560 prologo
596 487 725 560 praemissa
737 488 772 553 (6.
785 494 846 546 1-
857 487 904 555 11)
915 485 1020 556 primum
1030 484 1106 554 ipsam
1115 499 1174 539 coe-

191 585 237 626 nae
246 571 368 626 6661161666
385 587 441 627 enm
457 571 650 644 quotidianorum
666 569 801 626 officiorum
820 567 938 626 molestiis
955 572 1078 637 comparat
1088 565 1124 634 (6.
1137 571 1177 625 16
1283 579 1284 610 ³

195 655 302 723 4³),
317 660 369 709 tum
385 663 465 710 anum
476 669 507 709 err
522 654 586 711 illius
602 653 686 710 aetatis
702 668 783 720 more,
801 653 1015 727 qnaerinipotum
1026 649 1172 706 611666616-
1274 689 1281 716 ,

193 737 279 793 redere
287 737 365 794 voluit
381 737 455 806 (Plin.
466 737 497 794 N.
508 737 637 795 ilistlllV.
649 739 713 804 18),
730 753 745 795 6
760 737 821 793 vinu
834 737 903 793 initio
914 735 979 791 iacto
989 736 1014 789 in
1023 733 1111 791 horum
1121 734 1173 804 pri-

192 835 260 877 mum
272 821 402 893 generibus
413 823 450 889 (6.
461 823 598 888 24-37)
610 821 800 893 ponderumque
810 836 856 876 rnsu
866 819 904 888 (6.
916 822 951 878 38
960 846 996 858 -
1005 819 1066 887 68).
1077 831 1136 872 mox
1147 817 1171 870 in

193 920 253 978 aqua
263 920 359 978 qnoque
370 906 406 972 (6.
418 907 556 972 eit-oa)
567 911 593 958 et
603 905 724 974 pincernis
733 904 898 973 (6.58-66)
911 901 1100 975 ignominiosum
1112 898 1172 954 illud

192 989 320 1045 discrimen
330 995 407 1058 notat,
419 987 483 1060 qnod
493 988 618 1043 domiuum
629 1002 719 1043 coenae
729 1003 743 1042 a
752 1003 857 1059 paupere
868 987 967 1043 convica
978 989 1085 1056 soporem
1096 983 1178 1038 idem·-

193 1087 240 1144 que
250 1072 364 1142 deinceps
374 1073 398 1127 in
408 1087 470 1142 pane
487 1073 521 1140 (6.
533 1073 567 1130 67
578 1101 613 1111 ·-
623 1073 687 1141 79),
700 1071 847 1142 promulside
858 1071 894 1138 (v.
906 1069 1053 1136 iio—91).
1065 1065 1172 1137 piscibus

193 1159 229 1224 (v.
241 1159 275 1214 92
284 1182 321 1195 -
331 1159 395 1226 106)
407 1155 562 1226 persequitur.
575 1153 652 1210 donoc
662 1154 692 1210 ad
704 1162 775 1226 capul
786 1170 887 1222 666666,
900 1169 985 1226 aprum
995 1159 1020 1208 et
1031 1150 1114 1216 altiles,
1130 1149 1172 1204 de·

194 1241 255 1296 latus
271 1239 383 1293 cientem
396 1239 449 1295 solo
464 1238 589 1295 structoris
605 1245 703 1309 aspectu
720 1239 786 1310 pasci
802 1237 923 1311 significat
939 1241 976 1306 (6.
989 1235 1038 1294 llll
1047 1233 1173 1301 -111);

193 1323 295 1392 denique
311 1335 342 1377 ne
358 1321 382 1376 in
399 1322 546 1394 propinando
559 1321 656 1394 quidem
667 1322 764 1378 divitem
774 1329 799 1378 el
809 1336 939 1394 pauperem
949 1322 1053 1377 amicum
1063 1319 1173 1374 similiter

192 1405 275 1460 baberi
292 1411 390 1476 questus
407 1406 450 1473 (6.
470 1409 647 1476 llo-145)
658 1422 672 1461 a
682 1405 841 1462 secundarum
857 1419 995 1462 mensarum
1011 1403 1130 1480 bellariis,
1146 1399 1173 1453 iu

193 1487 280 1560 quibus
290 1489 373 1544 eadem
387 1489 498 1562 iniquitas
508 1496 606 1561 apparet
620 1489 715 1557 (6.116
725 1517 760 1530 -
771 1493 844 1560 166),
856 1490 886 1546 66
897 1489 972 1560 ipsius
985 1488 1078 1544 clentis
1088 1493 1175 1558 stupo-

193 1587 245 1628 rem
258 1571 332 1640 redit,
349 1574 391 1644 qui
401 1573 480 1630 divitis
494 1573 593 1644 patroni
603 1573 719 1629 malitiam
736 1574 867 1646 cupiditate
881 1588 925 1629 sua
944 1573 1010 1628 abuti
1020 1571 1125 1642 patiatur
1135 1570 1171 1637 (6.

193 1660 245 1714 166
254 1683 290 1694 -
300 1657 374 1727 173).

277 1735 375 1796 8661666
385 1755 481 1813 quoque
489 1741 595 1808 saluam,
606 1756 667 1812 quae
677 1742 805 1797 mulionum
815 1741 931 1813 pravitate
945 1739 1082 1798 insectanda
1094 1744 1173 1796 totum

193 1823 321 1878 aecoodmo
336 1823 425 1880 librum
435 1823 533 1895 implet,
550 1839 599 1880 nou
614 1824 713 1881 fortuita
724 1825 824 1898 triginta
838 1825 941 1897 amplius
949 1827 1064 1882 citiorum
1074 1837 1173 1878 enume-

193 1908 296 1970 ratione,
315 1907 358 1963 sed
374 1907 491 1963 concinna
507 1913 532 1962 et
543 1907 670 1964 artificiosa
685 1909 789 1981 partium
801 1909 957 1980 dispositione
974 1907 1091 1964 contineri
1101 1905 1174 1964 docte

193 1990 382 2062 Nagelsbaohius
399 1992 416 2048 1.
434 2008 455 2050 c.
475 2006 500 2063 p.
510 1994 563 2050 472
578 2008 629 2066 sqq.
646 1993 740 2049 monuit
753 1990 989 2065 insignissimamque
1004 1992 1090 2047 harum
1106 1989 1175 2047 reiut

194 2075 377 2130 commissuram
395 2079 482 2134 6186
497 2076 531 2130 ita
547 2076 692 2149 designarit,
711 2083 739 2132 ut
757 2077 786 2132 ad
802 2076 871 2132 illum
887 2091 964 2148 usqne
980 2077 1063 2132 locum
1073 2073 1174 2130 feminas

193 2164 316 2230 tamqnam
327 2155 431 2224 maritas
440 2159 560 2230 posterius
570 2160 667 2216 maritas
677 2168 799 2232 umquam
810 2160 911 2215 feminas
922 2157 1057 2216 adumbrari
1067 2157 1173 2223 dioenet;

194 2255 299 2314 quourm
310 2241 341 2297 de
355 2257 449 2300 summa
464 2243 499 2298 rei
516 2245 668 2300 6666666666
685 2243 781 2315 singula
796 2249 891 2298 tanturn
903 2243 1074 2314 quadripertita
1084 2240 1174 2296 descri-

195 2326 277 2396 ptione
294 2326 446 2383 commodius
464 2327 568 2398 perspici
585 2326 695 2383 arbitror.
723 2327 798 2383 Poeta
813 2326 877 2380 enirn
893 2325 1015 2381 Ursidinm
1030 2323 1174 2382 Postumum

193 2408 372 2464 matrimonium
382 2411 498 2467 initurum
507 2411 619 2481 pudicam
630 2425 728 2466 uxorem
743 2424 840 2480 sperare
851 2409 940 2464 mirans
952 2409 988 2476 (6.
1000 2416 1060 2467 1-
1069 2409 1117 2477 59)
1128 2409 1175 2466 hac

194 2493 245 2564 ipsa
263 2507 289 2548 re
299 2493 405 2565 primum
415 2495 446 2551 ad
461 2495 634 2566 impudicitiam
649 2493 722 2549 lrnius
736 2508 809 2548 serus
820 2493 926 2548 delentur
936 2507 1038 2564 eamque
1047 2495 1177 2564 spectacu-

193 2577 272 2632 lorum
292 2579 397 2633 maxime
412 2579 537 2634 lenociniis
550 2579 581 2634 ali
596 2584 694 2649 qnestm
705 2577 741 2644 (6.
753 2581 789 2637 60
797 2607 836 2618 -
843 2580 892 2647 81)
903 2591 1052 2633 summarum
1063 2589 1176 2650 quamm-

194 2674 241 2732 que
252 2661 368 2717 domnum
378 2669 500 2718 matronas
514 2661 693 2733 indignissimas
708 2661 819 2716 libidines
834 2661 921 2716 sectari
937 2659 1028 2732 Eppiae
1037 2661 1178 2718 Veientonis

195 2744 231 2811 (6.
248 2748 328 2803 82-
339 2749 403 2815 118)
427 2747 550 2816 ipsiusque
566 2743 707 2800 Messalinae
724 2743 818 2800 Claudii
836 2743 946 2800 Caesaris
964 2745 1047 2800 uxoris
1063 2745 1175 2816 exemplo

195 2827 266 2883 docet
277 2829 313 2896 (6.
326 2833 423 2886 114—
434 2831 514 2898 131);
531 2843 563 2882 ne
570 2827 687 2883 tamenin
702 2827 740 2882 his
753 2828 919 2899 acquiescant,
931 2829 974 2884 sed
983 2829 1023 2886 661
1032 2827 1094 2884 ultra
1105 2834 1175 2884 natu-

194 2927 235 2966 rae
245 2911 372 2983 imperium
384 2911 530 2984 quibuslibet
540 2910 711 2992 cupiditatibus
721 2919 793 2984 atque
804 2911 899 2983 ineptiis
909 2911 1064 2986 indulgeant,
1077 2913 1176 2968 marito-

194 3011 247 3050 rum
265 2997 336 3066 cnlpa
351 2995 401 3051 deri
412 2995 505 3066 arguit,
524 2995 564 3066 qul
575 2995 634 3050 solis
644 2996 759 3052 antdotis
770 3002 812 3052 aut
822 2997 914 3052 lonnae
925 2995 1043 3053 illecebris
1060 2995 1175 3063 ducti(.

195 3082 292 3136 183-
301 3082 366 3148 118)
377 3077 534 3134 muliebribus
543 3077 634 3134 artibus
644 3079 748 3151 impares
758 3081 820 3146 sint,
836 3079 972 3153 bonumque
981 3079 1071 3136 levitati
1080 3079 1176 3135 illarum

195 3163 317 3218 amcitiam
335 3159 372 3237 (v.
385 3165 482 3219 149-
494 3166 572 3233 160),
590 3162 679 3218 fastum
697 3163 734 3231 (6.
752 3169 848 3222 161-
860 3167 938 3234 188),
956 3163 1053 3219 delicies
1069 3163 1106 3230 (v.
1124 3167 1177 3222 184

198 3273 234 3284 -
246 3247 325 3314 199),
342 3246 540 3316 imperiositatem
558 3249 596 3316 (6.
614 3253 667 3306 200
678 3251 799 3318 423),
821 3248 912 3320 litigia,
932 3247 1040 3312 fraudes,
1061 3245 1176 3304 adulteria

195 3330 288 3399 aliaque
306 3329 394 3399 probra
410 3331 443 3387 ita
455 3333 567 3403 opponit,
585 3338 613 3388 ut
628 3332 653 3388 in
664 3333 730 3389 omui
740 3347 831 3405 genere
845 3331 948 3386 leminea
962 3332 1000 3386 vel
1012 3331 1129 3386 calliditas
1138 3331 1177 3385 vel

195 3412 342 3482 impudentia
353 3415 461 3486 superior
471 3424 583 3490 appareat
596 3414 952 3486 (v.2ao-sse);originem
963 3421 1044 3470 anum
1054 3421 1177 3470 uncorum

195 3496 345 3567 flagitionrm
356 3499 377 3554 si
389 3501 442 3572 quis
457 3503 575 3575 requirat,
594 3502 728 3558 nniversam
739 3507 875 3570 temporum
892 3499 1052 3574 corruptelam
1067 3505 1092 3553 et
1106 3483 1181 3553 luxu?

193 3581 256 3635 riam
273 3591 389 3651 accusat,
406 3588 447 3643 cui
463 3588 575 3645 resistcre
589 3585 714 3642 muliebris
730 3583 912 3655 intemperantia
929 3597 978 3638 non
988 3583 1065 3654 possit
1077 3582 1112 3649 (6.
1125 3583 1177 3638 186

1277 1929 1284 2316 l
