2590 3946
487 245 612 294 SATIRA
634 250 668 298 X.
1062 244 1101 308 73

111 383 276 451 blatrenae;
295 398 365 444 mex
386 401 472 461 quum
495 385 610 446 dederit
632 387 757 450 Servilia
779 407 918 470 nummos,
1013 449 1016 456 .

111 469 176 530 Fiet
198 476 228 528 et
248 465 344 543 illius,
369 484 453 546 quam
476 479 645 546 renarrat,
671 481 759 532 exuet
782 491 895 536 omnem
1047 489 1100 544 did

111 551 252 631 Corporis
277 558 422 621 ornatum
447 551 516 631 qnid
538 554 612 613 euim
635 553 695 616 ulla
716 560 867 634 negaverit
889 560 953 620 udis

111 630 303 716 Inguinibus?
326 635 388 694 sive
412 645 457 695 est
481 635 555 698 baec
578 634 688 716 Oppia,
712 640 774 700 sive
793 638 906 704 Catulla

110 721 266 795 Deterior,
292 726 372 778 totos
393 717 482 790 babet
503 719 564 781 illie
586 719 692 784 femina
713 741 866 784 mures.-

110 803 171 866 Sed
193 811 274 864 eastu
301 802 370 880 quid
394 802 486 864 forma
508 800 616 863 necet?
633 839 675 853 -
694 805 772 880 Quid
793 806 902 885 proluit
923 807 1008 869 imme

110 885 270 966 llippnlptu
292 903 383 963 grave
407 888 603 965 propositum,
631 888 700 967 quid
721 888 963 971 Bellerophonti?
1049 905 1098 959 dii

110 971 232 1034 Erubuit
254 987 359 1047 nempe
382 968 457 1030 baee
479 987 534 1030 eeu
555 971 701 1049 fastidita,
728 974 847 1051 repulsa

110 1051 175 1116 Nee
195 1052 384 1114 Stheneboea
405 1055 497 1113 minus
521 1072 607 1132 quam
632 1051 741 1116 Cressa
766 1059 936 1136 excanduit,
961 1070 991 1122 et
1014 1080 1048 1122 ee

111 1137 298 1199 (lonenssere
323 1135 434 1198 ambae.
468 1136 573 1198 llnlier
598 1140 768 1201 saevissima
793 1151 940 1219 tumeat,

111 1219 205 1296 Quum
229 1219 361 1282 stimulos
383 1219 451 1281 odiu
472 1220 566 1300 pudor
589 1221 734 1284 admovet.
767 1222 872 1302 Elige,
896 1227 1030 1306 quidnam

110 1304 295 1367 Suadeudunr
320 1322 387 1364 esse
414 1313 516 1383 putes,
544 1306 589 1365 eui
611 1306 728 1380 nubere,
746 1305 883 1369 Caesaris
903 1328 977 1373 uxor
1049 1320 1102 1378 aaa

7 1403 8 1460 f
110 1389 253 1450 Destinat.
290 1386 421 1467 Optimus
446 1388 494 1449 bie
518 1397 547 1449 et
568 1389 797 1452 formosissimus
819 1392 895 1454 idem

111 1472 211 1536 Gentis
236 1473 378 1551 patriciae
401 1473 511 1551 rapitur
536 1474 625 1533 miser
651 1476 881 1554 exstinguendus

110 1555 286 1618 Messalinae
313 1554 420 1624 oeulis3
442 1556 546 1617 dudum
574 1558 659 1619 sedet
684 1558 734 1620 illa
757 1569 859 1638 parato

110 1638 289 1703 Flammenlo
312 1637 475 1720 Tyriusque
497 1640 592 1720 palam
610 1642 736 1718 genialis
759 1644 787 1702 in
806 1644 899 1706 bortis

111 1725 270 1799 Sternitur,
294 1732 324 1782 et
346 1723 400 1784 ritu
424 1723 524 1784 decies
552 1733 675 1785 eentena
700 1725 841 1786 dabuntur
1048 1739 1101 1793 335

110 1809 255 1886 Antiqua,
278 1807 378 1868 veniet
400 1824 465 1868 eum
486 1807 681 1884 signatoribus
704 1826 826 1886 auspex.

7 1953 8 1978 q
110 1890 190 1953 llaee
211 1900 241 1950 ιιι
264 1897 380 1950 seereta
402 1897 431 1949 et
453 1891 554 1968 paneis
577 1892 730 1952 eornmisea
753 1889 898 1969 putabas?

110 1973 175 2036 Nun
199 1975 253 2034 nisi
276 1973 407 2051 legitime
432 1972 495 2033 vult
514 1972 635 2035 nubere.
672 1973 747 2047 Quid
770 1975 903 2053 placeat,
929 1975 990 2044 die:

110 2057 146 2119 Ni
167 2074 274 2137 parere
296 2055 389 2133 velie,
411 2056 591 2136 pereundum
612 2059 668 2117 erit
691 2065 758 2118 ante
778 2057 929 2127 lucernam

110 2143 143 2204 Si
166 2140 265 2202 suelns
290 2140 438 2216 admittas,
461 2139 575 2202 dabitur
597 2157 678 2202 mora
699 2141 837 2221 parvula,
863 2141 929 2203 dum
952 2160 999 2203 ree
1051 2153 1104 2208 340

112 2226 187 2287 Nota
211 2224 276 2285 urbi
300 2233 329 2284 et
353 2225 463 2304 popule
487 2226 635 2304 contingat
654 2226 795 2305 principis
818 2243 927 2287 aurem.

111 2309 250 2370 Dedecus
271 2307 323 2368 ille
347 2307 449 2369 demus
472 2309 547 2369 salet
563 2309 681 2370 ultimus
688 2331 695 2379 ;
719 2310 832 2370 interea
854 2317 884 2369 tn

111 2391 287 2472 Obsequere
312 2391 451 2471 imperio,
474 2393 499 2452 si
522 2393 591 2453 tanti
615 2393 675 2453 rite
696 2392 809 2454 dierum

110 2477 285 2538 Panenrum:
321 2474 458 2554 quidquid
476 2474 570 2535 levius
592 2474 754 2554 meliusque
778 2476 901 2555 putaris,

111 2558 283 2622 Praebendu
307 2567 353 2618 est
368 2558 469 2635 gladie
491 2557 618 2638 pulebra.
633 2557 709 2619 baee
729 2567 760 2618 et
780 2558 902 2621 eandida
924 2559 1035 2621 eervix.
1052 2569 1103 2624 345

152 2641 201 2704 Nil
225 2659 298 2720 erqo
321 2642 463 2722 optabunt
482 2638 639 2702 beminesl
659 2673 703 2692 -
721 2641 753 2704 si
775 2642 927 2705 eonsilium
946 2645 1005 2719 ris,

110 2727 264 2788 Permittes
286 2728 359 2807 ipsis
386 2724 556 2805 expendere
578 2723 756 2802 numinibus,
781 2727 850 2805 quid

112 2809 276 2872 ilnnveniat
299 2810 385 2871 nobis
410 2810 560 2888 rebusque
582 2811 620 2870 sit
642 2808 714 2870 utile
736 2811 855 2870 uestris.

109 2893 182 2955 llam
205 2910 260 2974 pre
283 2893 415 2955 ineundis
437 2896 585 2973 aptissima
608 2910 743 2973 quaeque
764 2891 872 2954 dabunt
897 2893 935 2953 di.

112 2975 217 3039 Carior
239 2986 284 3038 est
305 2977 364 3039 lllis
387 2978 490 3054 bomo,
516 2995 602 3056 qnam
624 2977 691 3038 sibi.
725 2973 787 3036 Nos
810 2976 967 3036 animorum
1052 2982 1106 3038 ιιι

111 3060 241 3141 lmpnlsu
266 3069 296 3122 et
318 3079 409 3123 eaeea
429 3078 590 3139 magnaque
614 3059 750 3138 cupidine
775 3057 853 3118 ducti

112 3142 285 3222 Coniugium
307 3146 431 3224 petimus
453 3153 626 3224 partumque
647 3143 764 3210 uxoris;
787 3151 816 3202 at
840 3141 897 3202 illie

110 3226 233 3304 Notum,
263 3229 312 3307 qui
336 3228 420 3307 pueri
444 3227 597 3308 qualiaque
618 3225 715 3286 lutura
737 3226 775 3286 sit
795 3241 879 3286 uxor.

111 3311 150 3372 Ut
173 3321 269 3374 tamen
289 3320 319 3372 et
342 3329 451 3391 poseas
474 3309 583 3389 aliquid
608 3325 780 3388 verensque
803 3309 922 3370 saeellie

111 3393 187 3456 Exta
210 3404 240 3455 et
266 3393 411 3456 candiduli
433 3395 529 3457 diuina
549 3394 695 3455 tomaeula
718 3394 813 3473 porei,
1052 3399 1106 3454 ιιι

112 3477 257 3540 Orandum
279 3487 342 3558 est,
363 3485 394 3540 ιιι
417 3479 455 3539 eit
475 3496 556 3539 mene
578 3495 649 3539 sana
670 3477 699 3537 in
720 3492 847 3562 nemore
870 3489 951 3536 sano.
