2590 3946
523 266 648 315 sarton
670 266 716 313 Vl.

122 405 268 468 Verberat
292 417 378 487 atque
400 408 495 469 obiter
520 407 626 467 faciem
648 404 724 483 linit,
748 406 826 466 audit
848 408 954 467 amicas

124 492 183 552 Aut
204 491 291 554 latum
313 493 409 572 pictae
429 492 521 552 uestis
546 489 712 550 considerat
735 507 833 549 aurum

123 575 162 636 lit
183 577 291 646 caedit;
316 575 396 653 longi
418 575 525 652 relegit
545 583 710 634 transversa
733 574 825 634 diurni

123 658 162 720 lit
186 660 298 738 caedit,
320 658 415 721 donec
437 659 524 720 lassis
548 655 753 718 caedentibus:
779 657 842 718 exii

123 743 239 806 Intonat
260 742 452 820 horrendum,
474 745 529 803 iam
552 742 718 819 cognitione
741 749 871 819 peracta.
1063 751 1116 808 485

124 827 314 888 Praefectura
339 828 439 888 domus
462 825 561 887 Sicula
580 843 639 886 non
660 826 755 884 mitior
779 825 854 885 aula.

124 909 198 971 Nam
220 912 245 970 si
268 913 415 972 constituit
437 910 585 987 solitoque
609 909 761 969 decentius
786 917 869 988 optat

126 993 229 1054 Ornari
250 1003 280 1054 ct
300 1003 441 1074 properat
464 996 579 1073 iamque
602 1000 790 1071 exspectatur
810 993 839 1051 in
861 991 952 1052 bortis

126 1077 185 1137 Ant
207 1078 283 1156 apud
305 1077 419 1139 isiacae
443 1078 539 1157 potius
561 1076 689 1136 sacraria
712 1075 809 1151 lenae,
1174 1139 1180 1160 Ι

126 1160 263 1240 Disponit
286 1163 411 1238 crinem,
435 1161 571 1222 laceratis
594 1159 660 1237 ipsa
683 1157 809 1237 capillis,
1064 1169 1118 1224 490

125 1243 209 1305 Nuda
232 1243 353 1305 humero
375 1244 483 1306 Psecas
504 1243 607 1304 infelix
627 1243 772 1322 nudisque
794 1242 936 1303 mamillis.

126 1327 224 1391 Altior
244 1327 292 1389 bic
314 1346 406 1408 quare
430 1323 598 1389 cincinnus?
626 1334 727 1386 taurea
749 1326 829 1404 punit

128 1408 271 1471 Continuo
292 1412 361 1474 flexi
385 1413 493 1474 crimen
513 1411 684 1489 facinusque
708 1409 818 1488 capilli.

128 1493 203 1569 Quid
223 1494 332 1556 Psecas
354 1493 488 1557 admisit?
510 1512 652 1575 quaenam
675 1502 720 1553 est
741 1493 789 1554 bio
811 1494 897 1573 culpa
919 1496 1048 1576 puellae,

128 1578 159 1638 Si
181 1577 232 1638 tibi
252 1578 398 1658 displicuit
417 1597 505 1641 nasus
526 1574 615 1639 tunsi
638 1577 729 1639 altera
751 1577 866 1639 luernm
1064 1587 1117 1643 495

126 1660 264 1722 Extendit
285 1664 434 1742 pectitque
457 1680 555 1724 comas
580 1671 610 1722 et
631 1661 724 1722 volvit
747 1663 776 1722 in
798 1661 907 1723 orbem.

126 1744 181 1806 Est
201 1747 229 1804 in
252 1746 376 1806 consilio
397 1756 525 1808 materna
547 1746 722 1824 admotaque
746 1745 821 1806 lunis

126 1828 254 1890 Emerita
276 1847 350 1910 quae
373 1839 471 1892 cessat
492 1848 559 1899 aou;
583 1831 727 1890 sententia
751 1831 843 1907 prima

125 1911 214 1973 lluius
239 1915 310 1990 erit,
334 1921 401 1993 post
422 1913 496 1974 bano
520 1921 617 1974 aetate
639 1921 726 1991 atque
753 1921 816 1972 arte
838 1913 963 1974 minores

126 1993 313 2073 censebunt,
338 2005 483 2076 tamquam
506 1997 600 2057 lamae
626 1995 781 2056 discrimen
802 2003 906 2072 agatur
1065 2006 1118 2059 500

125 2080 184 2141 Ant
206 2080 337 2141 dalmaci
358 2089 436 2143 tanta
460 2088 505 2141 est
521 2079 682 2159 quaerendi
707 2095 775 2140 cura
799 2077 932 2140 decoris!

125 2163 182 2224 l'ot
203 2165 307 2243 premit
330 2164 494 2241 ordinibus,
517 2171 561 2224 tot
583 2163 677 2226 adbuc
701 2162 890 2241 compagibus
913 2163 1000 2226 altum

124 2246 269 2308 Aedificat
291 2258 393 2328 capnt:
415 2247 639 2309 Andromachen
661 2265 678 2308 a
700 2247 796 2308 fronte
820 2246 947 2314 videbis;

124 2331 195 2392 Post
215 2331 309 2391 minor
330 2341 391 2394 est:
416 2332 520 2393 credas
542 2332 637 2394 aliam.
683 2329 782 2406 (ledo,
805 2331 830 2390 si
851 2329 943 2391 breve
966 2330 1050 2410 parvi

124 2414 234 2475 Sortito
256 2424 302 2474 est
325 2415 426 2476 lateris
449 2416 572 2494 spatium
597 2416 776 2493 breviorque
798 2414 914 2474 uidetur
1065 2421 1116 2475 505

123 2497 245 2576 Virgine
268 2497 429 2576 Pygmaea,
453 2497 540 2559 nullis
565 2499 661 2559 adiuta
684 2498 843 2572 cothurnis,

101 2578 162 2647 ‚Et
183 2581 258 2641 levis
283 2590 383 2642 erecta
407 2583 559 2658 consurgit
582 2583 619 2642 ad
640 2581 744 2642 oscula
766 2581 878 2660 planta!

165 2661 253 2724 Nulla
275 2667 330 2725 viri
353 2682 422 2726 curu
445 2666 575 2741 interea,
600 2683 656 2726 nec
678 2666 786 2727 mentio
809 2665 858 2725 liet

123 2747 315 2808 bannorum:
339 2751 409 2810 vivit
431 2759 576 2828 tamquam
598 2750 694 2810 vicina
717 2749 842 2824 mariti,¹

124 2829 189 2891 lioc
212 2831 277 2891 solo
301 2835 439 2913 propior,
461 2834 540 2914 qnod
562 2835 672 2895 amicos
696 2833 827 2910 coniugis
850 2833 911 2894 odit
1065 2839 1120 2892 510

124 2912 163 2974 lit
186 2931 308 2992 seruos,
332 2918 430 2994 gravis
455 2926 501 2977 est
524 2917 695 2978 rationibus.
740 2915 821 2977 Ecce
844 2915 966 2975 furentis

111 2995 265 3072 „Bellonae
286 3001 443 3080 matrisque
465 3001 550 3060 deum
572 3000 776 3062 cborusintrat
799 3007 827 3058 et
850 3000 953 3076 ingens

126 3081 267 3158 Semivir,
290 3081 422 3144 obsceno
444 3083 537 3146 facies
559 3083 722 3144 reverenda
742 3083 857 3158 minori,

124 3163 225 3226 blollia
248 3166 297 3245 qui
319 3176 403 3245 rapta
426 3169 518 3228 secuit
539 3167 677 3244 genitalia
699 3175 774 3227 testa

125 3248 185 3309 Iam
208 3248 336 3327 pridem,
361 3251 408 3311 cui
430 3268 518 3311 runca
541 3251 666 3328 cohors,
689 3252 735 3310 cui
757 3258 893 3329 tympana
916 3246 1022 3310 cedunt
1064 3256 1117 3309 515

123 3330 244 3393 Plebeia
268 3342 299 3392 et
319 3333 444 3411 Phrygia
468 3335 591 3393 vestitur
613 3333 706 3394 bucca
731 3335 813 3395 tiara.

125 3411 241 3476 Grande
262 3425 347 3476 sonat
369 3419 516 3496 metuique
537 3416 617 3478 iubet
638 3416 819 3495 Septembris
841 3425 871 3476 et
902 3414 990 3476 austri

123 3496 306 3576 Adventum,
329 3499 384 3564 nisi
408 3517 442 3560 se
466 3508 581 3560 centurn
602 3500 770 3560 lustraverit
794 3499 859 3558 ovis
