2590 3946
508 223 633 272 SATIRA
654 224 713 272 XV.

116 365 275 443 Numquam
297 363 373 424 aliud
396 371 514 439 natura,
539 363 616 423 aliud
640 364 780 442 sapientia
804 365 882 424 dicit.

118 449 243 510 Acribus
264 446 409 526 exemplis
432 446 536 506 videor
556 456 586 506 te
612 444 772 507 claudere?
793 447 883 507 misce

116 533 197 610 Ergo
221 531 329 610 aliquid
350 531 459 590 nostris
481 531 519 590 de
540 528 685 605 moribus,
708 530 796 590 silice
818 549 966 609 summam,

117 617 166 674 Bis
188 624 303 694 septem
325 613 473 674 ordinibus
498 631 581 691 quam
607 612 657 673 lex
678 613 811 692 dignatur
832 611 964 674 Othonis.

116 697 198 759 llaec
221 703 338 776 quoque
360 699 384 756 si
404 714 504 773 rugam
525 696 612 757 trahit
635 698 823 777 extenditque
845 697 993 776 labellum,
1052 711 1105 764 325

60 813 70 824 -
118 783 206 842 Sume
235 782 308 842 duos
331 783 462 860 equites,
485 779 533 842 iac
556 781 641 840 tertia
665 781 884 858 quadringenta.

119 866 150 924 Si
171 865 296 924 nondum
315 865 434 943 implevi
454 865 612 941 gremium,
639 864 663 923 si
687 864 819 943 panditur
842 865 927 939 ultra,

118 948 182 1008 Nec
206 945 311 1019 Croesi
333 949 447 1008 lortuna
471 965 603 1026 nmquam
628 965 685 1006 nec
707 948 826 1008 Persica
848 965 940 1026 regna

119 1032 270 1091 Suflicient
291 1033 386 1092 animo
406 1047 463 1090 nec
483 1031 602 1110 dicitius
625 1029 766 1108 Narcissi,

119 1113 238 1174 Indulsit
261 1112 371 1177 Caesar
393 1115 439 1174 cui
465 1111 603 1178 Claudius
627 1115 737 1190 omnia,
760 1116 841 1174 cuius
1054 1125 1107 1178 330
1285 1161 1286 1174 ,

119 1197 216 1257 Paruit
237 1199 366 1278 imperiis
388 1213 511 1258 uxonern
535 1196 674 1258 coemere
697 1199 803 1258 iussus.
1285 1193 1286 1234 l

447 1465 680 1532 SATIRA
708 1465 784 1540 XV.

119 1567 197 1671 (buis
220 1565 331 1674 nesbit,
357 1598 461 1659 Volusi
484 1597 653 1675 Bithynice,
677 1598 774 1678 qualia
797 1599 917 1660 demens

8 1693 9 1768 J
119 1685 273 1761 Aegyptus
293 1691 429 1762 portenta
451 1679 550 1743 colat?
575 1681 747 1742 crocodilon
768 1682 870 1743 adorat

117 1768 189 1828 Pars
210 1765 302 1843 haec,
324 1765 374 1826 illa
397 1774 485 1844 pavet
506 1775 629 1826 saturam
650 1762 836 1838 serpentibus
859 1764 926 1824 ibin.

117 1850 242 1928 Eiligies
265 1850 342 1910 sacri
365 1850 437 1910 uitet
459 1866 548 1908 aurea
570 1846 780 1924 cercopitheci,

8 1965 9 1968 ¹
118 1932 244 1994 Dimidio
266 1935 399 2010 magicae
424 1940 563 1994 resonant
585 1930 634 1992 ubi
655 1928 809 1990 Memnone
833 1928 961 1991 chordae
1091 1943 1107 1991 5

119 2019 218 2097 Atque
239 2025 323 2076 vetus
348 2014 449 2077 'l'hehe
475 2024 589 2076 centum
613 2015 690 2076 iacet
713 2012 815 2074 obruta
838 2014 941 2091 portis.

118 2101 183 2162 lllic
206 2099 340 2176 aeluros,
365 2100 413 2161 hie
434 2101 547 2179 piscem
569 2098 709 2174 lluminis,
733 2096 794 2156 illic

119 2183 236 2263 Oppida
255 2192 315 2244 tota
341 2201 442 2244 canem
464 2190 657 2258 venerantur,
680 2197 765 2241 nemo
788 2180 917 2242 Dianam.

118 2268 238 2327 Parrum
261 2275 290 2326 et
309 2285 403 2346 caepe
420 2267 503 2327 naias
526 2262 640 2327 violare
661 2273 691 2326 et
708 2265 845 2342 frangere
870 2279 985 2324 morsu:

119 2351 143 2410 0
168 2357 283 2412 sanctas
305 2360 427 2428 gentes,
453 2349 557 2430 quibus
578 2349 653 2410 haec
675 2356 829 2408 nascuntur
850 2347 879 2406 in
901 2347 992 2408 bortis
1073 2359 1107 2409 lu

117 2432 254 2494 Numina!
289 2432 404 2494 haustis
427 2432 596 2494 animalibus
617 2431 742 2493 abstinet
765 2431 856 2490 omnis

119 2517 237 2593 biensa,
261 2516 344 2576 naias
365 2515 427 2576 illic
448 2516 537 2576 fetum
559 2515 693 2593 iugulare
715 2513 865 2592 capellae:

120 2598 261 2662 Carnibus
287 2599 415 2676 hpmanis
437 2601 519 2660 vesci
542 2598 622 2660 licet.
654 2598 786 2657 Attonitu
807 2615 892 2676 quum

118 2684 191 2746 'lale
215 2701 304 2763 super
325 2699 448 2745 coenam
472 2683 584 2743 lacinus
604 2690 735 2743 narraret
754 2681 859 2742 Ulixes

118 2768 261 2844 Alcinoo,
286 2766 376 2828 bilem
398 2777 445 2828 aut
462 2767 551 2827 risum
573 2767 699 2828 fortasse
724 2765 894 2844 quibusdam
1075 2768 1106 2819 15

117 2849 266 2927 Moverat,
281 2861 320 2920 ¹ut
340 2851 465 2912 mendax
485 2850 668 2928 aretalogus:
697 2849 730 2909 ln
752 2867 831 2909 mare
854 2865 938 2908 nemo

117 2931 201 2995 Hunc
224 2933 331 3011 abicit,
353 2952 442 2996 saeva
465 2936 580 3013 dignum
602 2951 732 3011 veraque
753 2930 912 3006 Charybdi,

116 3018 288 3096 Fingentem
309 3019 447 3079 immanes
468 3017 685 3100 Laestrygonas
707 3024 794 3092 atque
816 3010 985 3091 Cyclopas?

118 3101 190 3162 Nam
212 3104 296 3162 citius
319 3101 448 3177 Scyllam
469 3101 519 3161 vel
541 3101 746 3161 concurrentia
768 3116 839 3158 saxa

119 3183 245 3262 Cyaneis
267 3184 373 3264 plenos
398 3195 428 3246 et
448 3183 669 3264 tempestatibus
691 3191 772 3242 utres

8 3259 9 3278 ³
120 3267 300 3330 Crediderim
326 3279 374 3330 aut
393 3269 473 3330 tenui
494 3284 667 3347 percussum
688 3266 815 3326 verbere
838 3264 939 3326 circes

117 3352 156 3412 Et
178 3371 242 3413 cum
258 3353 418 3431 remigibus
439 3353 592 3431 grunnisse
614 3349 764 3430 Elpenora
786 3351 901 3428 porcis:

118 3435 188 3496 'lam
210 3438 295 3497 vacui
318 3437 421 3515 capitis
444 3435 581 3516 populum
600 3435 734 3496 Phaeaca
757 3428 949 3572 putavitlJ*
