2582 3950
406 695 447 786 li.
473 693 582 788 lllllll
608 691 832 789 llllllddldl

531 863 710 941 rounmrs

278 1008 964 1125 SdVlellUdl

490 1217 594 1282 LIBER
618 1219 751 1285 PRIMUS.

536 1405 707 1412 ›mn-*ss

467 1519 706 1586 SATIRA
743 1519 771 1584 Ι.

123 1620 255 1728 Semper
276 1665 332 1726 ego
353 1649 464 1710 auditor
485 1649 614 1711 tantum?
636 1666 826 1728 numquamne
850 1666 1005 1728 reponam,

123 1738 255 1797 Venatus
276 1735 364 1794 toties
385 1735 464 1796 rauci
486 1735 636 1797 Theseide
659 1733 769 1796 Cordi?

123 1821 243 1899 Impune
265 1835 337 1895 ergo
357 1818 425 1878 mihi
446 1820 614 1880 recitaverit
634 1819 684 1880 ille
707 1829 838 1897 togatas,

123 1903 179 1964 llio
200 1899 324 1979 elegos?
345 1903 459 1980 impune
482 1903 558 1962 diem
582 1903 795 1981 consumpserit
816 1904 919 1978 ingens

124 1986 274 2064 Telephus
293 1993 341 2047 aut
364 1987 464 2046 summi
484 1987 571 2064 plena
591 1988 646 2046 iarn
667 1986 795 2062 margine
813 1985 881 2044 libri
1097 1999 1112 2049 5

125 2071 257 2148 Scriptus
281 2079 310 2129 et
332 2069 359 2126 in
382 2077 466 2146 tergo
484 2085 540 2130 neo
562 2071 628 2130 dum
649 2070 745 2130 linitus
767 2065 910 2128 Orestes?

123 2152 200 2214 Nota
221 2154 313 2229 magis
335 2152 406 2212 nulli
427 2153 528 2213 domus
549 2162 680 2230 cetera,
704 2170 789 2230 quam
811 2151 878 2212 mihi
901 2151 984 2212 lucus

123 2236 223 2298 dlartis
246 2245 275 2296 et
297 2236 410 2296 Aeoliis
432 2238 555 2298 vicinum
576 2237 695 2317 rupibus
715 2238 824 2298 antrum

124 2320 256 2380 Vulcani.
288 2318 362 2393 Quid
384 2331 470 2398 agant
487 2323 588 2399 venti,
610 2339 682 2401 quas
703 2327 837 2398 torqueat
857 2317 973 2378 umbras

124 2404 258 2478 Aeacus,
281 2403 358 2464 unde
380 2405 452 2464 alius
472 2405 596 2466 furtivae
615 2403 741 2465 devehat
764 2420 861 2464 aurum
1077 2411 1112 2464 lo

123 2486 301 2564 Pellioulae,
325 2495 445 2566 quantas
466 2489 608 2548 iaculetur
630 2486 789 2561 Monychus
813 2501 917 2560 ornos,

123 2569 278 2631 Frontonis
298 2571 405 2650 platani
428 2572 626 2650 convulsaque
649 2587 791 2631 marmora
815 2570 938 2630 clamant

124 2655 248 2732 Semper
268 2663 298 2714 et
319 2655 436 2715 assiduo
456 2663 559 2734 ruptae
581 2654 694 2716 lectore
716 2654 882 2714 columnae:

123 2736 291 2815 llxspectes
315 2739 416 2799 eadem
436 2757 452 2800 a
475 2755 583 2800 summo
605 2740 780 2816 minimoque
803 2747 900 2817 poeta.

123 2819 160 2879 ldt
180 2838 234 2879 nos
253 2838 324 2898 ergo
345 2841 457 2882 manum
478 2823 589 2884 lerulae
613 2823 815 2898 subduximus,
839 2831 867 2881 et
886 2837 940 2880 nos
1076 2830 1109 2882 15

123 2900 282 2964 Consilium
304 2905 435 2966 dedimus
459 2907 575 2983 Sullae,
598 2908 727 2986 privatus
749 2916 781 2965 ut
803 2905 889 2965 altum

122 2987 283 3056 Dormiret;
306 2988 391 3049 stulta
410 2999 455 3050 est
478 2991 646 3067 clementia,
666 3007 752 3068 quum
771 2997 814 3048 tot
833 2987 941 3066 ubique

121 3070 245 3131 Vatibus
266 3087 422 3148 occurras,
445 3075 593 3153 periturae
613 3090 737 3152 parcere
760 3071 887 3132 chartae.

124 3151 182 3213 Gur
204 3165 298 3214 tamen
318 3155 376 3216 loo
397 3159 494 3234 potius
516 3157 607 3217 libeat
627 3157 785 3216 decurrere
807 3171 926 3232 eampo,

122 3236 178 3297 l‘er
201 3255 286 3315 quem
306 3257 426 3317 magnus
449 3258 542 3318 equos
563 3240 716 3300 Auruncae
738 3238 818 3300 desit
840 3238 988 3314 alumnus,
1075 3249 1109 3300 20

122 3321 153 3379 Si
173 3330 258 3382 vacat
280 3340 314 3381 ac
336 3323 444 3400 placidi
466 3325 606 3385 rationem
628 3323 790 3398 admittitis,
814 3321 904 3385 edam.

183 3405 276 3478 Quum
298 3414 381 3466 tener
403 3425 524 3468 uxorem
545 3409 630 3469 duoat
652 3406 760 3485 spado,
779 3405 890 3466 Maevia
913 3404 1036 3464 Tuscum

122 3486 205 3564 Viget
227 3505 326 3566 aprum
350 3500 379 3550 et
397 3490 472 3552 nuda
494 3501 593 3552 teneat
614 3490 757 3552 venabula
778 3508 907 3554 mamma:

163 3587 219 3632 ruv.
235 3593 295 3631 sar.
885 3575 898 3632 l
