2582 3950
196 246 237 310 32
541 258 576 303 D.
601 254 673 304 tutat.
696 255 884 306 mvnmanrs

196 401 267 464 lude
286 400 369 460 lanes
389 397 506 473 ardent,
527 397 646 456 veniunt
662 413 679 455 a
699 396 767 456 dote
791 396 925 474 sagittae.

196 485 327 546 Libertas
352 481 470 542 emitur:
494 497 593 542 eoram
613 480 684 542 lioet
695 481 793 540 innuat
816 487 903 556 atque
1141 493 1185 548 14(

197 566 368 642 Resoribat,
391 565 478 626 vidua
500 573 562 639 est,
586 562 720 641 locuples
743 579 819 641 qnae
840 563 940 640 nupsit
961 581 1059 625 avaro.

198 651 257 728 Cur
281 650 429 712 desiderio
450 647 572 708 Bibulae
595 647 740 707 Sertorius
766 643 871 706 ardet?

197 738 228 798 Si
251 752 354 796 verum
376 734 524 808 excutias,
548 731 657 805 iacies,
683 745 741 788 non
764 746 838 790 uxor
860 740 978 790 amatur.

197 821 271 881 Tres
294 835 386 896 rugae
410 816 548 890 subeant,
572 821 657 874 etse
682 813 756 873 ontis
776 812 856 875 arida
879 814 969 891 laxet,

197 903 280 966 Fiant
303 901 421 963 obsouri
440 901 543 960 dentes
566 895 703 976 ooulique
727 897 871 956 minores:
1138 911 1189 964 145

198 986 315 1064 Collige
337 983 514 1057 sarcinulas,
537 980 616 1041 dieet
636 980 776 1057 libertus,
797 989 827 1041 et
849 984 898 1042 exi

198 1072 270 1152 [lam
292 1071 389 1148 gravis
413 1084 446 1128 as
467 1065 552 1126 nobis
575 1073 606 1125 et
626 1081 719 1143 saepe
742 1063 922 1143 emungeris;
948 1069 1007 1146 exi]

198 1154 286 1216 Ocius
310 1161 339 1212 et
355 1167 498 1231 propera:
522 1151 603 1209 siooo
625 1151 706 1211 venit
728 1149 822 1210 altera
844 1166 926 1211 naso.

197 1239 312 1300 Interea
335 1235 413 1295 salet
435 1243 466 1294 et
486 1242 591 1312 regnat
617 1234 773 1312 possitque
797 1235 928 1294 maritum

197 1322 334 1382 Pastores
358 1328 388 1380 et
409 1334 495 1378 ovem
520 1314 693 1378 Canusinam
713 1316 867 1396 ulmosque
890 1315 1030 1379 Falernas
1053 1351 1095 1366 --
1140 1329 1190 1382 150

197 1402 371 1479 Quantulum
394 1403 469 1463 euim
490 1398 573 1461 boa?
595 1417 704 1480 pueros
728 1419 846 1477 omnes,
871 1402 1019 1480 ergastula
1043 1411 1116 1471 tota;

196 1486 341 1565 Quodque
365 1486 522 1547 dominon
545 1495 605 1561 est,
629 1484 682 1546 sed
704 1485 793 1547 babet
814 1487 943 1564 vicinus,
967 1494 1087 1547 ematur.

196 1570 298 1631 blense
321 1567 436 1649 quidem
458 1570 593 1645 brumae,
618 1587 705 1648 quum
726 1572 782 1631 iam
802 1578 948 1631 mereator
969 1569 1056 1632 lason

197 1653 321 1716 clausus
348 1664 377 1714 et
400 1655 514 1715 armatis
540 1653 636 1714 obstat
658 1671 726 1715 oasa
748 1653 868 1715 eandida
893 1655 996 1731 nautis,

198 1738 321 1800 Grandia
343 1738 484 1799 tolluntur
508 1737 693 1814 crystallina,
715 1741 839 1798 maxima
860 1757 959 1799 rursus
1137 1749 1188 1802 155
1235 1786 1236 1789 ,

196 1822 345 1899 Murrina,
384 1821 490 1883 deinde
513 1821 628 1882 adamas
650 1823 871 1882 notissimus-et
891 1822 1051 1884 beronices

196 1908 228 1967 ln
250 1906 340 1985 digito
361 1905 456 1968 iaetus
482 1905 669 1985 {pretiosiorz
690 1904 767 1967 buno
790 1905 869 1967 dedit
892 1906 960 1968 olim

197 1989 341 2051 Barbarus
363 1989 526 2069 incestael,
549 1989 630 2050 dedit
652 1989 728 2050 buno
748 1989 881 2070 Agrippa
903 1992 1011 2066 sorori,

198 2073 364 2135 Observant
384 2072 433 2133 ubi
454 2073 528 2134 lesta
550 2089 632 2133 mero
657 2074 734 2152 pede
756 2074 876 2135 sabbata
896 2092 997 2153 reges,

197 2157 234 2218 Et
255 2166 340 2218 vetus
364 2156 495 2234 indulget
514 2156 632 2218 senibus
655 2158 809 2219 elementia
830 2161 938 2237 porois.
1139 2170 1189 2224 160

240 2240 364 2301 Nullane
387 2241 425 2302 de
448 2242 533 2301 tantis
558 2239 697 2318 gregibus
725 2241 775 2302 tibi
798 2242 884 2320 digna
906 2240 1041 2304 videtur?

197 2326 241 2386 Sit
262 2324 407 2401 formosa,
434 2326 560 2401 deoens,
586 2324 687 2402 dives,
710 2325 850 2403 ieounda,
874 2336 1008 2388 vetustos

197 2409 360 2469 Porticibns
383 2409 519 2488 disponat
544 2425 632 2485 avos,
659 2410 794 2471 intactior
820 2413 897 2471 omni

199 2490 331 2553 Crinibus
350 2494 450 2554 eliusis
474 2492 584 2554 bellum
605 2492 758 2555 dirimente
780 2494 897 2572 Sabina,

197 2577 274 2636 llara
296 2577 358 2636 avis
382 2577 411 2636 in
433 2578 519 2637 terris
540 2579 684 2657 nigroque
706 2579 850 2641 simillima
873 2598 981 2656 cycno:
1138 2589 1189 2645 165

198 2660 270 2733 Quis
292 2659 369 2720 ieret
390 2677 527 2732 uxorem,
555 2663 600 2725 oui
625 2672 760 2724 coustant
786 2661 899 2724 omnia?
921 2663 1009 2740 malo,

197 2741 276 2803 blalo
297 2742 491 2821 Venusinam,
514 2762 599 2823 quam
622 2754 668 2822 te,
690 2743 828 2807 Cornelia
848 2755 940 2807 mater

199 2826 413 2905 Graeaborum,
440 2830 464 2888 si
490 2846 554 2889 oum
576 2831 687 2907 magnis
709 2829 862 2891 virtutibus
885 2830 973 2890 affers

199 2909 313 2972 Grande
329 2911 519 2991 supersilium
543 2922 573 2973 et
588 2931 726 2974 numeras
748 2915 776 2973 in
798 2914 867 2974 dote
889 2911 1059 2994 triumphos.

198 2994 285 3056 Tolle
302 3003 396 3073 tuum,
417 3013 540 3076 preoor,
559 2995 746 3057 Hannibalem
765 2996 931 3078 victumque
950 2999 1115 3079 Syphacem
1138 3009 1189 3065 170
1287 3029 1288 3040 ¹

198 3077 230 3139 ln
254 3081 374 3158 eastris,
400 3089 429 3140 et
454 3098 517 3140 oum
538 3089 599 3140 tota
623 3077 798 3159 Carthagine
823 3083 929 3161 migra!

198 3162 306 3242 Parae,
330 3180 455 3243 preoor,
477 3164 589 3241 Paean,
614 3172 644 3224 et
665 3173 710 3239 tu,
734 3165 805 3242 dea,
827 3184 905 3247 pone
922 3168 1059 3246 sagittas:

200 3243 246 3308 Nil
267 3247 352 3326 pueri
374 3247 496 3322 laniunt,
521 3248 613 3325 ipsam
635 3248 772 3326 ooniigite
793 3251 929 3314 matrem!

201 3329 344 3408 Amphion
367 3330 487 3390 elamat:
512 3330 564 3391 sed
586 3331 682 3392 Paean
706 3335 848 3396 nontrahit
871 3355 978 3398 areum.

188 3412 310 3484 ,Extulit
335 3430 407 3491 ergo
431 3431 541 3493 greges
562 3425 693 3479 natorum
714 3419 867 3499 ipsumque
887 3429 1049 3500 parentem,
1136 3427 1189 3483 115

197 3494 272 3554 uum
296 3494 351 3555 sibi
375 3496 502 3558 nobilior
523 3498 650 3564 Latonae
672 3513 761 3581 gente
783 3505 897 3566 videtur
924 3575 931 3588 ¹
