<?xml version="1.0" encoding="UTF-8"?>
<!DOCTYPE html PUBLIC "-//W3C//DTD XHTML 1.0 Transitional//EN"
    "http://www.w3.org/TR/xhtml1/DTD/xhtml1-transitional.dtd">
<html xmlns="http://www.w3.org/1999/xhtml" xml:lang="en" lang="en">
 <head>
  <title>
</title>
<meta http-equiv="Content-Type" content="text/html;charset=utf-8" />
  <meta name='ocr-system' content='tesseract 3.04.00' />
  <meta name='ocr-capabilities' content='ocr_page ocr_carea ocr_par ocr_line ocrx_word'/>
</head>
<body>
  <div class='ocr_page' id='page_1' title='image "./satirarumlibriq01juvegoog_0094.png"; bbox 0 0 2590 3946; ppageno 0'>
   <div class='ocr_carea' id='block_1_1' title="bbox 506 241 1112 322">
    <p class='ocr_par' dir='ltr' id='par_1_1' title="bbox 506 241 1112 322">
     <span class='ocr_line' id='line_1_1' title="bbox 506 241 1112 322; baseline 0 -32"><span class='ocrx_word' id='word_1_1' title='bbox 506 241 648 322; x_wconf 29' lang='lat' dir='ltr'><strong>&#39;sensns</strong></span> <span class='ocrx_word' id='word_1_2' title='bbox 664 244 740 292; x_wconf 85' lang='lat' dir='ltr'><strong>vm.</strong></span> <span class='ocrx_word' id='word_1_3' title='bbox 1072 241 1112 302; x_wconf 81' lang='lat'><strong>57</strong></span> 
     </span>
    </p>
   </div>
   <div class='ocr_carea' id='block_1_2' title="bbox 120 377 1114 3124">
    <p class='ocr_par' dir='ltr' id='par_1_2' title="bbox 120 377 1114 3124">
     <span class='ocr_line' id='line_1_2' title="bbox 124 377 1007 463; baseline 0.01 -23"><span class='ocrx_word' id='word_1_4' title='bbox 124 380 226 441; x_wconf 90' lang='lat' dir='ltr'><strong>Solam</strong></span> <span class='ocrx_word' id='word_1_5' title='bbox 247 377 380 458; x_wconf 77' lang='lat' dir='ltr'><strong>Eponam</strong></span> <span class='ocrx_word' id='word_1_6' title='bbox 402 389 431 439; x_wconf 92' lang='lat' dir='ltr'><strong>et</strong></span> <span class='ocrx_word' id='word_1_7' title='bbox 453 379 544 440; x_wconf 88' lang='lat' dir='ltr'><strong>iacies</strong></span> <span class='ocrx_word' id='word_1_8' title='bbox 568 380 645 442; x_wconf 90' lang='lat' dir='ltr'><strong>olida</strong></span> <span class='ocrx_word' id='word_1_9' title='bbox 669 381 705 442; x_wconf 88' lang='lat' dir='ltr'><strong>ad</strong></span> <span class='ocrx_word' id='word_1_10' title='bbox 727 383 882 463; x_wconf 88' lang='lat' dir='ltr'><strong>praesepia</strong></span> <span class='ocrx_word' id='word_1_11' title='bbox 905 385 1007 463; x_wconf 85' lang='lat' dir='ltr'><strong>pictas.</strong></span> 
     </span>
     <span class='ocr_line' id='line_1_3' title="bbox 125 463 936 545; baseline 0.004 -21"><span class='ocrx_word' id='word_1_12' title='bbox 125 463 187 524; x_wconf 89' lang='lat' dir='ltr'><strong>Sed</strong></span> <span class='ocrx_word' id='word_1_13' title='bbox 209 481 295 542; x_wconf 88' lang='lat' dir='ltr'><strong>quum</strong></span> <span class='ocrx_word' id='word_1_14' title='bbox 317 463 478 542; x_wconf 75' lang='lat' dir='ltr'><strong>pervigiles</strong></span> <span class='ocrx_word' id='word_1_15' title='bbox 498 463 598 543; x_wconf 90' lang='lat' dir='ltr'><strong>placet</strong></span> <span class='ocrx_word' id='word_1_16' title='bbox 619 464 780 525; x_wconf 91' lang='lat' dir='ltr'><strong>instaurare</strong></span> <span class='ocrx_word' id='word_1_17' title='bbox 801 469 936 545; x_wconf 88' lang='lat' dir='ltr'><strong>popinas,</strong></span> 
     </span>
     <span class='ocr_line' id='line_1_4' title="bbox 127 544 851 625; baseline 0.004 -19"><span class='ocrx_word' id='word_1_18' title='bbox 127 545 239 607; x_wconf 81' lang='lat' dir='ltr'><strong>ouvius</strong></span> <span class='ocrx_word' id='word_1_19' title='bbox 263 544 380 606; x_wconf 88' lang='lat' dir='ltr'><strong>assiduo</strong></span> <span class='ocrx_word' id='word_1_20' title='bbox 404 546 622 625; x_wconf 79' lang='lat' dir='ltr'><strong>{Syrophoenix</strong></span> <span class='ocrx_word' id='word_1_21' title='bbox 643 547 716 608; x_wconf 90' lang='lat' dir='ltr'><strong>udus</strong></span> <span class='ocrx_word' id='word_1_22' title='bbox 739 565 851 609; x_wconf 91' lang='lat' dir='ltr'><strong>amomo</strong></span> 
     </span>
     <span class='ocr_line' id='line_1_5' title="bbox 126 627 1114 709; baseline 0.007 -20"><span class='ocrx_word' id='word_1_23' title='bbox 126 627 240 705; x_wconf 76' lang='lat' dir='ltr'><strong>Currit,</strong></span> <span class='ocrx_word' id='word_1_24' title='bbox 262 628 428 708; x_wconf 85' lang='lat' dir='ltr'><strong>Idumaeae]</strong></span> <span class='ocrx_word' id='word_1_25' title='bbox 450 630 656 708; x_wconf 71' lang='lat' dir='ltr'><strong>Syrophoenix</strong></span> <span class='ocrx_word' id='word_1_26' title='bbox 676 630 773 692; x_wconf 93' lang='lat' dir='ltr'><strong>incola</strong></span> <span class='ocrx_word' id='word_1_27' title='bbox 793 641 896 709; x_wconf 90' lang='lat' dir='ltr'><strong>portae</strong></span> <span class='ocrx_word' id='word_1_28' title='bbox 1062 649 1114 704; x_wconf 75' lang='grc' dir='ltr'><strong>ιω</strong></span> 
     </span>
     <span class='ocr_line' id='line_1_6' title="bbox 124 711 872 792; baseline 0.003 -19"><span class='ocrx_word' id='word_1_29' title='bbox 124 711 256 792; x_wconf 75' lang='lat' dir='ltr'><strong>Hospitis</strong></span> <span class='ocrx_word' id='word_1_30' title='bbox 278 712 385 772; x_wconf 87' lang='lat' dir='ltr'><strong>allecto</strong></span> <span class='ocrx_word' id='word_1_31' title='bbox 408 712 551 775; x_wconf 92' lang='lat' dir='ltr'><strong>dominum</strong></span> <span class='ocrx_word' id='word_1_32' title='bbox 573 729 734 791; x_wconf 73' lang='lat' dir='ltr'><strong>regemque</strong></span> <span class='ocrx_word' id='word_1_33' title='bbox 756 715 872 792; x_wconf 89' lang='lat' dir='ltr'><strong>salutat,</strong></span> 
     </span>
     <span class='ocr_line' id='line_1_7' title="bbox 124 792 799 878; baseline 0 -22"><span class='ocrx_word' id='word_1_34' title='bbox 124 794 164 856; x_wconf 80' lang='lat' dir='ltr'><strong>m</strong></span> <span class='ocrx_word' id='word_1_35' title='bbox 188 813 252 856; x_wconf 88' lang='lat' dir='ltr'><strong>cum</strong></span> <span class='ocrx_word' id='word_1_36' title='bbox 274 796 370 856; x_wconf 86' lang='lat' dir='ltr'><strong>venali</strong></span> <span class='ocrx_word' id='word_1_37' title='bbox 395 792 494 878; x_wconf 78' lang='lat' dir='ltr'><strong>anpe</strong></span> <span class='ocrx_word' id='word_1_38' title='bbox 515 798 664 858; x_wconf 88' lang='lat' dir='ltr'><strong>succincta</strong></span> <span class='ocrx_word' id='word_1_39' title='bbox 686 797 799 873; x_wconf 91' lang='lat' dir='ltr'><strong>lagona.</strong></span> 
     </span>
     <span class='ocr_line' id='line_1_8' title="bbox 126 877 893 957; baseline 0.005 -19"><span class='ocrx_word' id='word_1_40' title='bbox 126 877 275 939; x_wconf 82' lang='lat' dir='ltr'><strong>Defensor</strong></span> <span class='ocrx_word' id='word_1_41' title='bbox 297 878 401 957; x_wconf 89' lang='lat' dir='ltr'><strong>culpae</strong></span> <span class='ocrx_word' id='word_1_42' title='bbox 425 878 503 939; x_wconf 91' lang='lat' dir='ltr'><strong>dicet</strong></span> <span class='ocrx_word' id='word_1_43' title='bbox 525 879 608 940; x_wconf 86' lang='lat' dir='ltr'><strong>mihi:</strong></span> <span class='ocrx_word' id='word_1_44' title='bbox 631 878 765 941; x_wconf 75' lang='lat' dir='ltr'><strong>Fecimus</strong></span> <span class='ocrx_word' id='word_1_45' title='bbox 788 889 818 941; x_wconf 89' lang='lat' dir='ltr'><strong>et</strong></span> <span class='ocrx_word' id='word_1_46' title='bbox 839 898 893 942; x_wconf 86' lang='lat' dir='ltr'><strong>nos</strong></span> 
     </span>
     <span class='ocr_line' id='line_1_9' title="bbox 126 961 932 1040; baseline 0.004 -19"><span class='ocrx_word' id='word_1_47' title='bbox 126 961 612 1030; x_wconf 79' lang='lat' dir='ltr'><strong>llaeciuvenes.--llsto;dcsisti</strong></span> <span class='ocrx_word' id='word_1_48' title='bbox 633 980 755 1040; x_wconf 83' lang='lat' dir='ltr'><strong>nempe,</strong></span> <span class='ocrx_word' id='word_1_49' title='bbox 780 981 836 1024; x_wconf 89' lang='lat' dir='ltr'><strong>nec</strong></span> <span class='ocrx_word' id='word_1_50' title='bbox 857 965 932 1025; x_wconf 90' lang='lat' dir='ltr'><strong>ultra</strong></span> 
     </span>
     <span class='ocr_line' id='line_1_10' title="bbox 125 1043 1108 1126; baseline 0.009 -22"><span class='ocrx_word' id='word_1_51' title='bbox 125 1043 238 1105; x_wconf 75' lang='lat' dir='ltr'><strong>Fouisti</strong></span> <span class='ocrx_word' id='word_1_52' title='bbox 261 1062 400 1106; x_wconf 85' lang='lat' dir='ltr'><strong>errorem.</strong></span> <span class='ocrx_word' id='word_1_53' title='bbox 435 1045 529 1105; x_wconf 85' lang='lat' dir='ltr'><strong>Breve</strong></span> <span class='ocrx_word' id='word_1_54' title='bbox 551 1047 605 1122; x_wconf 89' lang='lat' dir='ltr'><strong>sit,</strong></span> <span class='ocrx_word' id='word_1_55' title='bbox 625 1046 703 1123; x_wconf 92' lang='lat' dir='ltr'><strong>qnod</strong></span> <span class='ocrx_word' id='word_1_56' title='bbox 725 1047 848 1126; x_wconf 73' lang='lat' dir='ltr'><strong>turpiter</strong></span> <span class='ocrx_word' id='word_1_57' title='bbox 868 1047 973 1118; x_wconf 68' lang='lat' dir='ltr'><strong>andem</strong></span> <span class='ocrx_word' id='word_1_58' title='bbox 1008 1105 1010 1110; x_wconf 95' lang='lat'><em>.</em></span> <span class='ocrx_word' id='word_1_59' title='bbox 1059 1060 1108 1116; x_wconf 74' lang='lat'><strong>1⁶5</strong></span> 
     </span>
     <span class='ocr_line' id='line_1_11' title="bbox 126 1126 934 1207; baseline 0.004 -20"><span class='ocrx_word' id='word_1_60' title='bbox 126 1126 275 1201; x_wconf 79' lang='lat' dir='ltr'><strong>Quaedam</strong></span> <span class='ocrx_word' id='word_1_61' title='bbox 298 1147 362 1188; x_wconf 89' lang='lat' dir='ltr'><strong>cnm</strong></span> <span class='ocrx_word' id='word_1_62' title='bbox 384 1130 475 1207; x_wconf 90' lang='lat' dir='ltr'><strong>prima</strong></span> <span class='ocrx_word' id='word_1_63' title='bbox 495 1137 668 1190; x_wconf 72' lang='lat' dir='ltr'><strong>resecentur</strong></span> <span class='ocrx_word' id='word_1_64' title='bbox 690 1130 807 1190; x_wconf 87' lang='lat' dir='ltr'><strong>crimina</strong></span> <span class='ocrx_word' id='word_1_65' title='bbox 828 1129 934 1200; x_wconf 82' lang='lat' dir='ltr'><strong>ltarlta;</strong></span> 
     </span>
     <span class='ocr_line' id='line_1_12' title="bbox 125 1209 844 1290; baseline 0.004 -20"><span class='ocrx_word' id='word_1_66' title='bbox 125 1209 247 1289; x_wconf 78' lang='lat' dir='ltr'><strong>indulge</strong></span> <span class='ocrx_word' id='word_1_67' title='bbox 269 1213 382 1272; x_wconf 84' lang='lat' dir='ltr'><strong>veniam</strong></span> <span class='ocrx_word' id='word_1_68' title='bbox 400 1213 516 1290; x_wconf 90' lang='lat' dir='ltr'><strong>pueris:</strong></span> <span class='ocrx_word' id='word_1_69' title='bbox 539 1211 697 1274; x_wconf 80' lang='lat' dir='ltr'><strong>lateranus</strong></span> <span class='ocrx_word' id='word_1_70' title='bbox 718 1213 754 1273; x_wconf 91' lang='lat' dir='ltr'><strong>ad</strong></span> <span class='ocrx_word' id='word_1_71' title='bbox 775 1212 844 1274; x_wconf 92' lang='lat' dir='ltr'><strong>illos</strong></span> 
     </span>
     <span class='ocr_line' id='line_1_13' title="bbox 126 1293 880 1375; baseline 0.001 -21"><span class='ocrx_word' id='word_1_72' title='bbox 126 1293 313 1356; x_wconf 77' lang='lat' dir='ltr'><strong>Thermarum</strong></span> <span class='ocrx_word' id='word_1_73' title='bbox 339 1295 449 1355; x_wconf 90' lang='lat' dir='ltr'><strong>calices</strong></span> <span class='ocrx_word' id='word_1_74' title='bbox 472 1296 670 1375; x_wconf 74' lang='lat' dir='ltr'><strong>inscriptaque</strong></span> <span class='ocrx_word' id='word_1_75' title='bbox 692 1296 780 1356; x_wconf 92' lang='lat' dir='ltr'><strong>lintea</strong></span> <span class='ocrx_word' id='word_1_76' title='bbox 802 1296 880 1358; x_wconf 87' lang='lat' dir='ltr'><strong>vadit</strong></span> 
     </span>
     <span class='ocr_line' id='line_1_14' title="bbox 124 1376 851 1458; baseline 0.001 -20"><span class='ocrx_word' id='word_1_77' title='bbox 124 1376 253 1438; x_wconf 80' lang='lat' dir='ltr'><strong>licturus</strong></span> <span class='ocrx_word' id='word_1_78' title='bbox 278 1377 360 1439; x_wconf 85' lang='lat' dir='ltr'><strong>bello</strong></span> <span class='ocrx_word' id='word_1_79' title='bbox 381 1377 535 1440; x_wconf 78' lang='lat' dir='ltr'><strong>Armeniae</strong></span> <span class='ocrx_word' id='word_1_80' title='bbox 557 1379 717 1458; x_wconf 75' lang='lat' dir='ltr'><strong>Syriaeque</strong></span> <span class='ocrx_word' id='word_1_81' title='bbox 737 1379 851 1440; x_wconf 89' lang='lat' dir='ltr'><strong>tuendis</strong></span> 
     </span>
     <span class='ocr_line' id='line_1_15' title="bbox 125 1460 1110 1542; baseline 0.008 -22"><span class='ocrx_word' id='word_1_82' title='bbox 125 1460 267 1521; x_wconf 80' lang='lat' dir='ltr'><strong>Amnihus</strong></span> <span class='ocrx_word' id='word_1_83' title='bbox 291 1470 320 1521; x_wconf 92' lang='lat' dir='ltr'><strong>et</strong></span> <span class='ocrx_word' id='word_1_84' title='bbox 341 1460 445 1521; x_wconf 84' lang='lat' dir='ltr'><strong>Rheno</strong></span> <span class='ocrx_word' id='word_1_85' title='bbox 470 1471 557 1540; x_wconf 89' lang='lat' dir='ltr'><strong>atquc</strong></span> <span class='ocrx_word' id='word_1_86' title='bbox 577 1463 667 1532; x_wconf 78' lang='lat' dir='ltr'><strong>Istro:</strong></span> <span class='ocrx_word' id='word_1_87' title='bbox 696 1471 848 1542; x_wconf 85' lang='lat' dir='ltr'><strong>praestare</strong></span> <span class='ocrx_word' id='word_1_88' title='bbox 869 1461 1016 1526; x_wconf 86' lang='lat' dir='ltr'><strong>Neronem</strong></span> <span class='ocrx_word' id='word_1_89' title='bbox 1058 1474 1110 1528; x_wconf 84' lang='grc'><strong>170</strong></span> 
     </span>
     <span class='ocr_line' id='line_1_16' title="bbox 125 1543 944 1625; baseline 0.006 -21"><span class='ocrx_word' id='word_1_90' title='bbox 125 1545 267 1605; x_wconf 89' lang='lat' dir='ltr'><strong>Secnmm</strong></span> <span class='ocrx_word' id='word_1_91' title='bbox 284 1544 365 1606; x_wconf 87' lang='lat' dir='ltr'><strong>ualet</strong></span> <span class='ocrx_word' id='word_1_92' title='bbox 383 1543 457 1606; x_wconf 84' lang='lat' dir='ltr'><strong>haec</strong></span> <span class='ocrx_word' id='word_1_93' title='bbox 474 1555 564 1607; x_wconf 89' lang='lat' dir='ltr'><strong>aetas.</strong></span> <span class='ocrx_word' id='word_1_94' title='bbox 596 1545 677 1607; x_wconf 85' lang='lat' dir='ltr'><strong>liitte</strong></span> <span class='ocrx_word' id='word_1_95' title='bbox 701 1545 799 1622; x_wconf 78' lang='lat' dir='ltr'><strong>Ostia,</strong></span> <span class='ocrx_word' id='word_1_96' title='bbox 824 1543 944 1625; x_wconf 81' lang='lat' dir='ltr'><strong>Caesar,</strong></span> 
     </span>
     <span class='ocr_line' id='line_1_17' title="bbox 124 1627 893 1709; baseline 0.004 -22"><span class='ocrx_word' id='word_1_97' title='bbox 124 1627 223 1704; x_wconf 84' lang='lat' dir='ltr'><strong>dlitte,</strong></span> <span class='ocrx_word' id='word_1_98' title='bbox 246 1628 348 1689; x_wconf 92' lang='lat' dir='ltr'><strong>sedin</strong></span> <span class='ocrx_word' id='word_1_99' title='bbox 367 1646 470 1706; x_wconf 90' lang='lat' dir='ltr'><strong>magna</strong></span> <span class='ocrx_word' id='word_1_100' title='bbox 491 1629 619 1707; x_wconf 87' lang='lat' dir='ltr'><strong>legatum</strong></span> <span class='ocrx_word' id='word_1_101' title='bbox 640 1648 748 1709; x_wconf 90' lang='lat' dir='ltr'><strong>quaere</strong></span> <span class='ocrx_word' id='word_1_102' title='bbox 772 1631 893 1709; x_wconf 88' lang='lat' dir='ltr'><strong>popina;</strong></span> 
     </span>
     <span class='ocr_line' id='line_1_18' title="bbox 124 1711 850 1791; baseline 0.006 -21"><span class='ocrx_word' id='word_1_103' title='bbox 124 1711 260 1771; x_wconf 83' lang='lat' dir='ltr'><strong>invenies</strong></span> <span class='ocrx_word' id='word_1_104' title='bbox 285 1711 383 1790; x_wconf 90' lang='lat' dir='ltr'><strong>aliquo</strong></span> <span class='ocrx_word' id='word_1_105' title='bbox 407 1730 470 1780; x_wconf 90' lang='lat' dir='ltr'><strong>cum</strong></span> <span class='ocrx_word' id='word_1_106' title='bbox 494 1713 671 1791; x_wconf 85' lang='lat' dir='ltr'><strong>percussore</strong></span> <span class='ocrx_word' id='word_1_107' title='bbox 694 1715 850 1789; x_wconf 88' lang='lat' dir='ltr'><strong>iacentem,</strong></span> 
     </span>
     <span class='ocr_line' id='line_1_19' title="bbox 124 1795 822 1872; baseline 0 -18"><span class='ocrx_word' id='word_1_108' title='bbox 124 1795 299 1855; x_wconf 83' lang='lat' dir='ltr'><strong>Permixtum</strong></span> <span class='ocrx_word' id='word_1_109' title='bbox 322 1795 416 1855; x_wconf 91' lang='lat' dir='ltr'><strong>nautis</strong></span> <span class='ocrx_word' id='word_1_110' title='bbox 440 1805 470 1856; x_wconf 91' lang='lat' dir='ltr'><strong>et</strong></span> <span class='ocrx_word' id='word_1_111' title='bbox 491 1795 603 1856; x_wconf 79' lang='lat' dir='ltr'><strong>iuribus</strong></span> <span class='ocrx_word' id='word_1_112' title='bbox 627 1814 663 1858; x_wconf 89' lang='lat' dir='ltr'><strong>ac</strong></span> <span class='ocrx_word' id='word_1_113' title='bbox 682 1795 822 1872; x_wconf 77' lang='lat' dir='ltr'><strong>fugitivis,</strong></span> 
     </span>
     <span class='ocr_line' id='line_1_20' title="bbox 126 1877 1110 1957; baseline 0.005 -18"><span class='ocrx_word' id='word_1_114' title='bbox 126 1877 205 1940; x_wconf 85' lang='lat' dir='ltr'><strong>Inter</strong></span> <span class='ocrx_word' id='word_1_115' title='bbox 226 1878 379 1938; x_wconf 81' lang='lat' dir='ltr'><strong>carnifices</strong></span> <span class='ocrx_word' id='word_1_116' title='bbox 401 1888 430 1938; x_wconf 89' lang='lat' dir='ltr'><strong>et</strong></span> <span class='ocrx_word' id='word_1_117' title='bbox 451 1878 552 1940; x_wconf 82' lang='lat' dir='ltr'><strong>fabros</strong></span> <span class='ocrx_word' id='word_1_118' title='bbox 572 1878 785 1957; x_wconf 72' lang='lat' dir='ltr'><strong>sandapilarum</strong></span> <span class='ocrx_word' id='word_1_119' title='bbox 1058 1889 1110 1944; x_wconf 78' lang='lat'><strong>175</strong></span> 
     </span>
     <span class='ocr_line' id='line_1_21' title="bbox 126 1960 768 2041; baseline -0.003 -20"><span class='ocrx_word' id='word_1_120' title='bbox 126 1960 165 2021; x_wconf 81' lang='lat' dir='ltr'><strong>m</strong></span> <span class='ocrx_word' id='word_1_121' title='bbox 183 1962 341 2041; x_wconf 89' lang='lat' dir='ltr'><strong>resupinati</strong></span> <span class='ocrx_word' id='word_1_122' title='bbox 367 1963 513 2022; x_wconf 80' lang='lat' dir='ltr'><strong>cessantia</strong></span> <span class='ocrx_word' id='word_1_123' title='bbox 535 1971 670 2040; x_wconf 72' lang='lat' dir='ltr'><strong>tympana</strong></span> <span class='ocrx_word' id='word_1_124' title='bbox 687 1961 768 2038; x_wconf 83' lang='lat' dir='ltr'><strong>galli.</strong></span> 
     </span>
     <span class='ocr_line' id='line_1_22' title="bbox 126 2043 898 2123; baseline 0.001 -18"><span class='ocrx_word' id='word_1_125' title='bbox 126 2045 230 2123; x_wconf 79' lang='lat' dir='ltr'><strong>Aequa</strong></span> <span class='ocrx_word' id='word_1_126' title='bbox 250 2043 290 2104; x_wconf 89' lang='lat' dir='ltr'><strong>ibi</strong></span> <span class='ocrx_word' id='word_1_127' title='bbox 311 2043 449 2120; x_wconf 88' lang='lat' dir='ltr'><strong>libertas,</strong></span> <span class='ocrx_word' id='word_1_128' title='bbox 475 2046 633 2106; x_wconf 89' lang='lat' dir='ltr'><strong>communia</strong></span> <span class='ocrx_word' id='word_1_129' title='bbox 655 2043 778 2122; x_wconf 89' lang='lat' dir='ltr'><strong>poeula,</strong></span> <span class='ocrx_word' id='word_1_130' title='bbox 803 2043 898 2106; x_wconf 83' lang='lat' dir='ltr'><strong>lectua</strong></span> 
     </span>
     <span class='ocr_line' id='line_1_23' title="bbox 125 2126 896 2206; baseline -0.005 -18"><span class='ocrx_word' id='word_1_131' title='bbox 125 2126 191 2188; x_wconf 88' lang='lat' dir='ltr'><strong>Non</strong></span> <span class='ocrx_word' id='word_1_132' title='bbox 213 2126 286 2188; x_wconf 90' lang='lat' dir='ltr'><strong>alins</strong></span> <span class='ocrx_word' id='word_1_133' title='bbox 309 2129 456 2206; x_wconf 89' lang='lat' dir='ltr'><strong>cuiqnam,</strong></span> <span class='ocrx_word' id='word_1_134' title='bbox 478 2145 535 2188; x_wconf 89' lang='lat' dir='ltr'><strong>nec</strong></span> <span class='ocrx_word' id='word_1_135' title='bbox 554 2145 655 2188; x_wconf 91' lang='lat' dir='ltr'><strong>mensa</strong></span> <span class='ocrx_word' id='word_1_136' title='bbox 675 2128 815 2190; x_wconf 88' lang='lat' dir='ltr'><strong>remotior</strong></span> <span class='ocrx_word' id='word_1_137' title='bbox 834 2126 896 2188; x_wconf 88' lang='lat' dir='ltr'><strong>ulli.</strong></span> 
     </span>
     <span class='ocr_line' id='line_1_24' title="bbox 125 2207 897 2287; baseline -0.003 -16"><span class='ocrx_word' id='word_1_138' title='bbox 125 2209 201 2284; x_wconf 80' lang='lat' dir='ltr'><strong>Quid</strong></span> <span class='ocrx_word' id='word_1_139' title='bbox 223 2211 314 2271; x_wconf 85' lang='lat' dir='ltr'><strong>iacias</strong></span> <span class='ocrx_word' id='word_1_140' title='bbox 337 2211 425 2270; x_wconf 85' lang='lat' dir='ltr'><strong>talem</strong></span> <span class='ocrx_word' id='word_1_141' title='bbox 447 2212 581 2287; x_wconf 87' lang='lat' dir='ltr'><strong>sortitus,</strong></span> <span class='ocrx_word' id='word_1_142' title='bbox 604 2209 739 2287; x_wconf 79' lang='lat' dir='ltr'><strong>Pontice,</strong></span> <span class='ocrx_word' id='word_1_143' title='bbox 761 2207 897 2270; x_wconf 83' lang='lat' dir='ltr'><strong>servum?</strong></span> 
     </span>
     <span class='ocr_line' id='line_1_25' title="bbox 124 2292 1110 2374; baseline 0.004 -20"><span class='ocrx_word' id='word_1_144' title='bbox 124 2293 238 2374; x_wconf 90' lang='lat' dir='ltr'><strong>Nempe</strong></span> <span class='ocrx_word' id='word_1_145' title='bbox 264 2295 293 2354; x_wconf 94' lang='lat' dir='ltr'><strong>in</strong></span> <span class='ocrx_word' id='word_1_146' title='bbox 312 2292 445 2354; x_wconf 80' lang='lat' dir='ltr'><strong>lucanos</strong></span> <span class='ocrx_word' id='word_1_147' title='bbox 469 2303 518 2355; x_wconf 90' lang='lat' dir='ltr'><strong>aut</strong></span> <span class='ocrx_word' id='word_1_148' title='bbox 540 2293 636 2356; x_wconf 84' lang='lat' dir='ltr'><strong>Tusca</strong></span> <span class='ocrx_word' id='word_1_149' title='bbox 657 2293 805 2371; x_wconf 87' lang='lat' dir='ltr'><strong>ergastule</strong></span> <span class='ocrx_word' id='word_1_150' title='bbox 826 2294 930 2356; x_wconf 91' lang='lat' dir='ltr'><strong>mittas.</strong></span> <span class='ocrx_word' id='word_1_151' title='bbox 1058 2304 1110 2358; x_wconf 75' lang='grc'><strong>180</strong></span> 
     </span>
     <span class='ocr_line' id='line_1_26' title="bbox 125 2375 931 2454; baseline -0.004 -17"><span class='ocrx_word' id='word_1_152' title='bbox 125 2377 165 2437; x_wconf 83' lang='lat' dir='ltr'><strong>m</strong></span> <span class='ocrx_word' id='word_1_153' title='bbox 185 2394 256 2453; x_wconf 86' lang='lat' dir='ltr'><strong>uos,</strong></span> <span class='ocrx_word' id='word_1_154' title='bbox 280 2375 482 2453; x_wconf 80' lang='lat' dir='ltr'><strong>Troiugenae,</strong></span> <span class='ocrx_word' id='word_1_155' title='bbox 504 2376 589 2438; x_wconf 86' lang='lat' dir='ltr'><strong>uobis</strong></span> <span class='ocrx_word' id='word_1_156' title='bbox 611 2377 763 2454; x_wconf 76' lang='lat' dir='ltr'><strong>ignoscitis</strong></span> <span class='ocrx_word' id='word_1_157' title='bbox 787 2384 834 2451; x_wconf 89' lang='lat' dir='ltr'><strong>et,</strong></span> <span class='ocrx_word' id='word_1_158' title='bbox 856 2393 931 2453; x_wconf 90' lang='lat' dir='ltr'><strong>quae</strong></span> 
     </span>
     <span class='ocr_line' id='line_1_27' title="bbox 125 2456 922 2539; baseline -0.006 -19"><span class='ocrx_word' id='word_1_159' title='bbox 125 2459 233 2538; x_wconf 80' lang='lat' dir='ltr'><strong>Turpia</strong></span> <span class='ocrx_word' id='word_1_160' title='bbox 255 2458 392 2536; x_wconf 87' lang='lat' dir='ltr'><strong>cardoni,</strong></span> <span class='ocrx_word' id='word_1_161' title='bbox 421 2460 551 2520; x_wconf 87' lang='lat' dir='ltr'><strong>Volesos</strong></span> <span class='ocrx_word' id='word_1_162' title='bbox 571 2460 746 2539; x_wconf 83' lang='lat' dir='ltr'><strong>Brutumque</strong></span> <span class='ocrx_word' id='word_1_163' title='bbox 768 2456 922 2518; x_wconf 84' lang='lat' dir='ltr'><strong>decebant.</strong></span> 
     </span>
     <span class='ocr_line' id='line_1_28' title="bbox 168 2539 1024 2621; baseline -0.005 -16"><span class='ocrx_word' id='word_1_164' title='bbox 168 2542 260 2619; x_wconf 80' lang='lat' dir='ltr'><strong>Quid,</strong></span> <span class='ocrx_word' id='word_1_165' title='bbox 288 2545 313 2602; x_wconf 90' lang='lat' dir='ltr'><strong>si</strong></span> <span class='ocrx_word' id='word_1_166' title='bbox 334 2559 487 2621; x_wconf 88' lang='lat' dir='ltr'><strong>numquam</strong></span> <span class='ocrx_word' id='word_1_167' title='bbox 508 2543 582 2604; x_wconf 89' lang='lat' dir='ltr'><strong>adeo</strong></span> <span class='ocrx_word' id='word_1_168' title='bbox 604 2543 699 2604; x_wconf 82' lang='lat' dir='ltr'><strong>foedis</strong></span> <span class='ocrx_word' id='word_1_169' title='bbox 725 2539 860 2621; x_wconf 86' lang='lat' dir='ltr'><strong>adeoque</strong></span> <span class='ocrx_word' id='word_1_170' title='bbox 882 2539 1024 2619; x_wconf 89' lang='lat' dir='ltr'><strong>pudendis</strong></span> 
     </span>
     <span class='ocr_line' id='line_1_29' title="bbox 123 2621 860 2706; baseline -0.003 -21"><span class='ocrx_word' id='word_1_171' title='bbox 123 2625 237 2686; x_wconf 89' lang='lat' dir='ltr'><strong>lltimur</strong></span> <span class='ocrx_word' id='word_1_172' title='bbox 255 2626 414 2706; x_wconf 83' lang='lat' dir='ltr'><strong>exemplis,</strong></span> <span class='ocrx_word' id='word_1_173' title='bbox 436 2635 546 2686; x_wconf 91' lang='lat' dir='ltr'><strong>utnon</strong></span> <span class='ocrx_word' id='word_1_174' title='bbox 568 2626 670 2706; x_wconf 90' lang='lat' dir='ltr'><strong>peiora</strong></span> <span class='ocrx_word' id='word_1_175' title='bbox 694 2621 860 2704; x_wconf 83' lang='lat' dir='ltr'><strong>supersint?</strong></span> 
     </span>
     <span class='ocr_line' id='line_1_30' title="bbox 125 2707 1109 2789; baseline 0.001 -19"><span class='ocrx_word' id='word_1_176' title='bbox 125 2709 310 2789; x_wconf 78' lang='lat' dir='ltr'><strong>Consumptis</strong></span> <span class='ocrx_word' id='word_1_177' title='bbox 332 2708 437 2788; x_wconf 85' lang='lat' dir='ltr'><strong>opibus</strong></span> <span class='ocrx_word' id='word_1_178' title='bbox 457 2726 576 2786; x_wconf 85' lang='lat' dir='ltr'><strong>uocem,</strong></span> <span class='ocrx_word' id='word_1_179' title='bbox 600 2707 793 2788; x_wconf 85' lang='lat' dir='ltr'><strong>Damasippe,</strong></span> <span class='ocrx_word' id='word_1_180' title='bbox 813 2708 919 2770; x_wconf 90' lang='lat' dir='ltr'><strong>locasti</strong></span> <span class='ocrx_word' id='word_1_181' title='bbox 1056 2717 1109 2771; x_wconf 82' lang='lat'><strong>185</strong></span> 
     </span>
     <span class='ocr_line' id='line_1_31' title="bbox 124 2789 902 2872; baseline -0.005 -19"><span class='ocrx_word' id='word_1_182' title='bbox 124 2793 258 2872; x_wconf 89' lang='lat' dir='ltr'><strong>Sipario,</strong></span> <span class='ocrx_word' id='word_1_183' title='bbox 281 2792 439 2870; x_wconf 84' lang='lat' dir='ltr'><strong>clamosum</strong></span> <span class='ocrx_word' id='word_1_184' title='bbox 464 2809 570 2871; x_wconf 85' lang='lat' dir='ltr'><strong>ageres</strong></span> <span class='ocrx_word' id='word_1_185' title='bbox 591 2802 622 2852; x_wconf 93' lang='lat' dir='ltr'><strong>ut</strong></span> <span class='ocrx_word' id='word_1_186' title='bbox 644 2791 764 2854; x_wconf 87' lang='lat' dir='ltr'><strong>Phasma</strong></span> <span class='ocrx_word' id='word_1_187' title='bbox 787 2789 902 2853; x_wconf 79' lang='lat' dir='ltr'><strong>Catulli.</strong></span> 
     </span>
     <span class='ocr_line' id='line_1_32' title="bbox 120 2874 866 2952; baseline -0.003 -16"><span class='ocrx_word' id='word_1_188' title='bbox 120 2874 296 2937; x_wconf 87' lang='lat' dir='ltr'><strong>Laureolum</strong></span> <span class='ocrx_word' id='word_1_189' title='bbox 317 2877 406 2938; x_wconf 84' lang='lat' dir='ltr'><strong>uelox</strong></span> <span class='ocrx_word' id='word_1_190' title='bbox 429 2878 514 2938; x_wconf 88' lang='lat' dir='ltr'><strong>etiam</strong></span> <span class='ocrx_word' id='word_1_191' title='bbox 536 2876 614 2938; x_wconf 82' lang='lat' dir='ltr'><strong>benc</strong></span> <span class='ocrx_word' id='word_1_192' title='bbox 634 2875 772 2940; x_wconf 84' lang='lat' dir='ltr'><strong>Lentulos</strong></span> <span class='ocrx_word' id='word_1_193' title='bbox 795 2877 866 2952; x_wconf 88' lang='lat' dir='ltr'><strong>egit,</strong></span> 
     </span>
     <span class='ocr_line' id='line_1_33' title="bbox 120 2957 915 3037; baseline -0.005 -18"><span class='ocrx_word' id='word_1_194' title='bbox 120 2958 223 3020; x_wconf 89' lang='lat' dir='ltr'><strong>Iudice</strong></span> <span class='ocrx_word' id='word_1_195' title='bbox 244 2977 290 3018; x_wconf 90' lang='lat' dir='ltr'><strong>me</strong></span> <span class='ocrx_word' id='word_1_196' title='bbox 312 2958 415 3037; x_wconf 90' lang='lat' dir='ltr'><strong>dignus</strong></span> <span class='ocrx_word' id='word_1_197' title='bbox 435 2978 507 3020; x_wconf 86' lang='lat' dir='ltr'><strong>vera</strong></span> <span class='ocrx_word' id='word_1_198' title='bbox 526 2978 625 3021; x_wconf 85' lang='lat' dir='ltr'><strong>cruce.</strong></span> <span class='ocrx_word' id='word_1_199' title='bbox 653 2957 722 3035; x_wconf 36' lang='lat' dir='ltr'><strong>‚Nec</strong></span> <span class='ocrx_word' id='word_1_200' title='bbox 742 2967 838 3017; x_wconf 89' lang='lat' dir='ltr'><strong>tamen</strong></span> <span class='ocrx_word' id='word_1_201' title='bbox 858 2958 915 3035; x_wconf 91' lang='lat' dir='ltr'><strong>ipsi</strong></span> 
     </span>
     <span class='ocr_line' id='line_1_34' title="bbox 121 3038 876 3124; baseline -0.007 -21"><span class='ocrx_word' id='word_1_202' title='bbox 121 3041 264 3120; x_wconf 87' lang='lat' dir='ltr'><strong>Ignoscas</strong></span> <span class='ocrx_word' id='word_1_203' title='bbox 286 3043 413 3121; x_wconf 89' lang='lat' dir='ltr'><strong>populo:</strong></span> <span class='ocrx_word' id='word_1_204' title='bbox 435 3043 537 3124; x_wconf 91' lang='lat' dir='ltr'><strong>populi</strong></span> <span class='ocrx_word' id='word_1_205' title='bbox 558 3042 639 3104; x_wconf 82' lang='lat' dir='ltr'><strong>from</strong></span> <span class='ocrx_word' id='word_1_206' title='bbox 662 3041 760 3101; x_wconf 89' lang='lat' dir='ltr'><strong>durior</strong></span> <span class='ocrx_word' id='word_1_207' title='bbox 781 3038 876 3116; x_wconf 89' lang='lat' dir='ltr'><strong>huius,</strong></span> 
     </span>
    </p>
   </div>
   <div class='ocr_carea' id='block_1_3' title="bbox 120 3123 1107 3538">
    <p class='ocr_par' dir='ltr' id='par_1_3' title="bbox 120 3123 1107 3287">
     <span class='ocr_line' id='line_1_35' title="bbox 123 3123 1107 3205; baseline -0.004 -19"><span class='ocrx_word' id='word_1_208' title='bbox 123 3124 180 3198; x_wconf 80' lang='lat' dir='ltr'><strong>Qut</strong></span> <span class='ocrx_word' id='word_1_209' title='bbox 202 3124 287 3185; x_wconf 90' lang='lat' dir='ltr'><strong>sedet</strong></span> <span class='ocrx_word' id='word_1_210' title='bbox 308 3135 339 3185; x_wconf 93' lang='lat' dir='ltr'><strong>et</strong></span> <span class='ocrx_word' id='word_1_211' title='bbox 360 3135 475 3205; x_wconf 89' lang='lat' dir='ltr'><strong>spectat</strong></span> <span class='ocrx_word' id='word_1_212' title='bbox 495 3126 644 3187; x_wconf 86' lang='lat' dir='ltr'><strong>triscurria</strong></span> <span class='ocrx_word' id='word_1_213' title='bbox 664 3123 862 3203; x_wconf 90' lang='lat' dir='ltr'><strong>patriciorum,</strong></span> <span class='ocrx_word' id='word_1_214' title='bbox 1057 3127 1107 3182; x_wconf 79' lang='lat'><strong>190</strong></span> 
     </span>
     <span class='ocr_line' id='line_1_36' title="bbox 120 3206 849 3287; baseline -0.003 -19"><span class='ocrx_word' id='word_1_215' title='bbox 120 3207 296 3287; x_wconf 87' lang='lat' dir='ltr'><strong>Planipedes</strong></span> <span class='ocrx_word' id='word_1_216' title='bbox 321 3209 399 3270; x_wconf 93' lang='lat' dir='ltr'><strong>audit</strong></span> <span class='ocrx_word' id='word_1_217' title='bbox 417 3209 541 3285; x_wconf 82' lang='lat' dir='ltr'><strong>Fabios,</strong></span> <span class='ocrx_word' id='word_1_218' title='bbox 564 3207 661 3270; x_wconf 89' lang='lat' dir='ltr'><strong>ridere</strong></span> <span class='ocrx_word' id='word_1_219' title='bbox 679 3214 779 3286; x_wconf 89' lang='lat' dir='ltr'><strong>potest</strong></span> <span class='ocrx_word' id='word_1_220' title='bbox 800 3206 849 3284; x_wconf 89' lang='lat' dir='ltr'><strong>qui</strong></span> 
     </span>
    </p>

    <p class='ocr_par' dir='ltr' id='par_1_4' title="bbox 120 3287 955 3372">
     <span class='ocr_line' id='line_1_37' title="bbox 120 3287 955 3372; baseline -0.007 -20"><span class='ocrx_word' id='word_1_221' title='bbox 120 3290 334 3353; x_wconf 83' lang='lat' dir='ltr'><strong>llamercorum</strong></span> <span class='ocrx_word' id='word_1_222' title='bbox 356 3293 466 3372; x_wconf 86' lang='lat' dir='ltr'><strong>alapas.</strong></span> <span class='ocrx_word' id='word_1_223' title='bbox 500 3291 604 3366; x_wconf 80' lang='lat' dir='ltr'><strong>Quanti</strong></span> <span class='ocrx_word' id='word_1_224' title='bbox 625 3309 678 3352; x_wconf 92' lang='lat' dir='ltr'><strong>sna</strong></span> <span class='ocrx_word' id='word_1_225' title='bbox 698 3290 800 3350; x_wconf 81' lang='lat' dir='ltr'><strong>lunera</strong></span> <span class='ocrx_word' id='word_1_226' title='bbox 819 3287 955 3366; x_wconf 84' lang='lat' dir='ltr'><strong>vendant,</strong></span> 
     </span>
    </p>

    <p class='ocr_par' dir='ltr' id='par_1_5' title="bbox 122 3371 880 3452">
     <span class='ocr_line' id='line_1_38' title="bbox 122 3371 880 3452; baseline -0.004 -17"><span class='ocrx_word' id='word_1_227' title='bbox 122 3372 198 3447; x_wconf 79' lang='lat' dir='ltr'><strong>outo</strong></span> <span class='ocrx_word' id='word_1_228' title='bbox 220 3371 332 3434; x_wconf 78' lang='lat' dir='ltr'><strong>refert?</strong></span> <span class='ocrx_word' id='word_1_229' title='bbox 354 3376 481 3437; x_wconf 83' lang='lat' dir='ltr'><strong>vendunt</strong></span> <span class='ocrx_word' id='word_1_230' title='bbox 501 3374 582 3437; x_wconf 92' lang='lat' dir='ltr'><strong>nullo</strong></span> <span class='ocrx_word' id='word_1_231' title='bbox 604 3382 730 3452; x_wconf 86' lang='lat' dir='ltr'><strong>cogente</strong></span> <span class='ocrx_word' id='word_1_232' title='bbox 751 3373 880 3449; x_wconf 87' lang='lat' dir='ltr'><strong>Nerone,</strong></span> 
     </span>
    </p>

    <p class='ocr_par' dir='ltr' id='par_1_6' title="bbox 120 3455 859 3538">
     <span class='ocr_line' id='line_1_39' title="bbox 120 3455 859 3538; baseline -0.004 -20"><span class='ocrx_word' id='word_1_233' title='bbox 120 3455 186 3520; x_wconf 76' lang='lat' dir='ltr'><strong>Nec</strong></span> <span class='ocrx_word' id='word_1_234' title='bbox 208 3456 338 3518; x_wconf 88' lang='lat' dir='ltr'><strong>dubitant</strong></span> <span class='ocrx_word' id='word_1_235' title='bbox 359 3458 432 3520; x_wconf 90' lang='lat' dir='ltr'><strong>celsi</strong></span> <span class='ocrx_word' id='word_1_236' title='bbox 453 3459 599 3538; x_wconf 90' lang='lat' dir='ltr'><strong>praetoris</strong></span> <span class='ocrx_word' id='word_1_237' title='bbox 621 3458 751 3521; x_wconf 83' lang='lat' dir='ltr'><strong>vendere</strong></span> <span class='ocrx_word' id='word_1_238' title='bbox 773 3456 859 3516; x_wconf 91' lang='lat' dir='ltr'><strong>ludis.</strong></span> 
     </span>
    </p>
   </div>
   <div class='ocr_carea' id='block_1_4' title="bbox 0 0 1300 3946">
    <p class='ocr_par' dir='ltr' id='par_1_7' title="bbox 0 0 1300 3946">
     <span class='ocr_line' id='line_1_40' title="bbox 0 0 1300 3946; baseline 0 0"><span class='ocrx_word' id='word_1_239' title='bbox 0 0 1300 3946; x_wconf 95' lang='lat' dir='ltr'><strong> </strong></span> 
     </span>
    </p>
   </div>
  </div>
 </body>
</html>
