2590 3946
482 247 615 296 *saulus
637 249 671 294 X.

107 388 393 467 Tantumdematque
417 387 460 447 illi
480 405 604 447 summas
628 387 736 447 donare
762 386 888 462 curules,

107 475 190 537 Illum
214 471 395 532 exercitibus
419 467 628 550 praeponere?
653 479 731 530 tutor
757 468 861 530 haberi

107 557 248 636 Principis
273 563 394 634 angusta
422 551 599 632 G'oprearum
623 555 651 613 in
673 572 749 632 rupe
770 551 899 613 sedentis

9 713 10 720 ἵ
109 641 179 701 Cum
204 656 300 718 grege
321 636 492 698 chaldaeo?
518 638 563 697 ris
587 645 667 697 oerte
691 639 766 716 pria,
791 637 940 713 oollae-tes,

108 725 254 804 Egregios
281 724 394 801 equites
420 731 449 782 et
472 729 567 781 eastra
594 717 780 782 domestioal'
799 721 897 800 quidni
1059 731 1093 784 95

108 807 189 868 liaeo
211 804 332 886 cupias?
355 815 384 866 et
406 807 453 884 qui
475 804 577 864 nolunt
599 805 736 865 oooidere
759 821 941 884 quemquam,

108 892 200 952 Posse
222 891 332 950 volunt.
356 888 428 950 ·Sed
451 907 526 967 quae
550 889 702 966 praeclara
727 897 758 948 et
778 905 925 967 prospere
944 889 1023 964 tanti,

107 975 146 1035 to
166 974 255 1035 rebus
277 974 361 1033 laetis
386 975 498 1052 parsit
523 989 657 1032 mensura
680 970 841 1032 malorum?

108 1059 213 1133 Huius,
238 1059 287 1136 qui
310 1057 448 1132 trabitur,
472 1063 653 1136 praetextam
676 1074 790 1116 sumere
815 1059 915 1131 mavis,

108 1143 154 1201 An
175 1140 345 1201 Fidenarum
367 1138 581 1218 Gabiorumque
602 1157 672 1199 esse
697 1149 829 1218 potestas
1047 1151 1094 1202 100

107 1225 147 1286 Et
168 1226 204 1285 de
226 1241 360 1284 mensura
382 1225 426 1283 ius
448 1225 564 1301 dicere,
586 1241 656 1284 vasa
678 1225 787 1283 minora

107 1309 257 1387 Frangere
280 1324 427 1386 pannosus
451 1309 551 1368 vacuis
575 1307 679 1368 aedilis
700 1305 838 1368 Ulubris?

108 1392 189 1470 Ergo
213 1391 281 1470 quid
305 1391 461 1471 optandum
484 1391 579 1466 toret,
609 1393 764 1468 ignorasse
789 1392 890 1452 fateris

9 1465 10 1482 ¹
109 1477 259 1544 Seianum
283 1493 348 1536 nam
370 1476 419 1554 qui
443 1475 547 1534 nimios
568 1475 687 1554 optabat
712 1473 839 1535 lronores

109 1559 147 1619 Et
169 1559 270 1619 nimias
291 1559 434 1638 poscebat
455 1576 546 1637 opes,
573 1575 726 1618 numerosa
751 1559 871 1638 parabat

108 1642 256 1704 Exeelsae
282 1645 368 1702 turris
392 1641 535 1718 tabulata,
558 1645 634 1704 unde
658 1643 744 1702 altior
767 1653 847 1702 esset

110 1724 203 1787 Casus
229 1734 258 1784 et
283 1726 425 1806 impulsae
448 1743 594 1804 praeceps
617 1728 738 1785 immane
761 1728 871 1786 ruinae.

110 1811 185 1884 Quid
209 1805 349 1885 orasses,
374 1809 442 1888 quid
468 1808 625 1887 Pompeios
652 1811 774 1885 evertit,
800 1819 830 1868 et
852 1809 943 1887 illum,

108 1893 156 1952 Ad
177 1911 229 1952 sua
255 1894 303 1971 qui
327 1893 451 1953 domitos
474 1891 593 1952 deduxit
615 1891 706 1968 llagra
729 1890 880 1965 Quirites?

109 1978 240 2036 Summus
264 1994 369 2054 nempe
396 1975 480 2034 loeus
506 1975 583 2035 nulla
607 1993 664 2036 non
692 1985 754 2036 arte
776 1978 894 2053 petitus,

108 2059 271 2137 Magnaque
295 2059 453 2120 numinibus
477 2068 545 2119 uota
568 2060 703 2120 exaudita
726 2059 866 2136 malignis.

108 2142 156 2202 Ad
180 2161 331 2220 generumv
346 2141 462 2203 cereris
488 2144 551 2202 sine
575 2143 667 2204 oaede
692 2161 727 2204 ae
748 2143 869 2203 uulnere
894 2144 980 2223 pauei

9 2249 10 2290 r
108 2227 297 2286 Descendunt
319 2245 409 2304 reges
433 2227 564 2286 etaiam
590 2235 684 2287 moute
706 2228 829 2303 tyranni.

152 2309 305 2386 Eloquium
326 2328 361 2370 ao
379 2311 482 2370 ianuam
504 2309 712 2372 Demosthenis
737 2320 785 2370 aut
810 2309 962 2371 ciceronis

109 2393 215 2471 lneipit
238 2402 340 2472 optare
364 2403 393 2454 et
417 2396 486 2454 totis
500 2393 729 2473 Quinquatribus
752 2402 845 2472 optat,

110 2475 248 2555 Quisquis
275 2475 370 2537 adbuc
393 2494 450 2537 uno
473 2494 590 2555 paream
613 2477 684 2537 eolit
709 2495 777 2538 asse
800 2477 967 2553 Mineruam,

110 2559 203 2632 Quem
230 2562 360 2638 sequitur
382 2569 480 2620 eustos
504 2569 646 2638 angustae
668 2561 789 2621 vernula
816 2579 934 2639 capsae.

108 2643 236 2723 Eloqnio
261 2644 315 2704 sed
337 2653 459 2723 uterque
483 2647 558 2721 perit
580 2653 693 2714 oraton
718 2654 869 2722 utmmqne

9 2735 10 2750 ¹
108 2727 221 2804 largus
245 2736 276 2787 et
299 2728 448 2788 exundans
468 2728 527 2788 leto
550 2729 630 2789 dedit
653 2730 762 2806 ingenii
785 2729 861 2790 lons.

9 3239 13 3316 l

109 2810 229 2888 Ingenio
253 2829 351 2872 manus
377 2822 422 2871 est
448 2820 478 2871 et
500 2814 600 2872 cervix
622 2831 724 2887 eaese;
751 2831 807 2874 neo
830 2829 960 2889 umquam

109 2896 258 2972 Sanguine
285 2896 423 2956 eausidioi
447 2895 617 2956 maduerunt
638 2907 735 2958 rostra
759 2897 868 2977 pusilli.

109 2977 134 3036 0
158 2979 331 3038 fortunatam
352 2989 446 3040 natam
471 2997 517 3038 me
543 2981 664 3039 consule
689 2979 810 3040 Romam
831 3013 873 3022 -—

109 3060 218 3121 Antoni
240 3062 355 3139 gladios
377 3063 471 3141 potuit
492 3071 695 3138 contemnere,
719 3066 744 3123 si
767 3065 810 3122 sie

109 3143 211 3205 Omnia
235 3146 366 3206 dixisset.
405 3145 536 3206 Ridenda
559 3155 693 3223 poemata
715 3147 803 3224 malo,

109 3228 203 3303 Quam
225 3238 255 3288 te
278 3231 470 3306 oonspiouae,
494 3228 588 3289 divina
609 3228 787 3309 Philippica,
811 3230 917 3304 ismae,
1046 3239 1096 3290 125

107 3311 248 3372 volveris
272 3331 289 3372 a
313 3313 404 3389 prima
426 3331 501 3392 qnae
525 3315 666 3392 proxima.
703 3315 816 3375 Saevos
839 3321 868 3373 et
890 3313 969 3372 illurn

108 3394 212 3455 Exitus
236 3396 358 3475 eripuit,
385 3414 469 3474 quem
496 3396 670 3457 mirabantur
694 3396 828 3458 Athenae

108 3476 283 3538 Torrentem
308 3488 338 3538 et
362 3479 441 3557 pleni
463 3480 659 3540 modeuantem
682 3482 764 3541 irena
787 3480 906 3618 memb
916 3558 931 3593 t
