2590 3946
204 233 245 296 tta
533 245 569 292 o.
591 243 662 292 ton.
685 241 872 291 uuvunnnrs

206 382 342 445 Clamore
364 401 399 444 ac
421 393 489 462 post
513 383 588 444 baec
610 382 724 444 tabulas
744 391 856 443 mutare
882 382 1015 460 parabis:
1158 395 1193 448 ss

204 467 288 529 Unde
309 466 361 527 tibi
383 468 508 528 iroutem
530 467 753 545 libertatemque
775 467 916 545 parentis,

206 549 300 624 Quum
320 549 412 613 iacias
435 549 539 629 peiora
559 567 655 610 senen
675 565 856 627 vacuumque
881 548 1007 611 cerebro

204 633 264 694 lam
286 633 399 713 pritlem
421 641 509 712 eaput
532 633 591 694 hoc
614 642 738 694 ventosa
762 632 912 694 cucurbita
939 630 1082 713 quaerat?

248 716 371 798 Hospite
393 725 533 793 uenturo,
556 717 685 779 cessabit
709 732 795 778 nemo
820 726 944 777 tuorum.

206 801 301 862 Verre
322 801 531 880 pavimentum,
553 801 658 862 modas
681 799 805 861 ostende
826 802 987 877 columnas,
1160 811 1195 865 oo

206 885 296 946 Arida
320 903 384 945 cnm
406 893 467 945 tota
490 883 653 945 descendat
675 884 873 961 annuentem,

205 967 259 1029 llic
282 967 349 1028 leve
372 977 540 1046 argeutum,
564 983 635 1030 rasa
659 965 904 1048 aspern'tergeat
926 966 1016 1027 alter:

204 1050 274 1112 Vox
296 1051 402 1114 domini
425 1051 494 1113 furit
519 1053 650 1113 instantis
671 1054 839 1131 virgamque
864 1053 1001 1113 tenentis.

204 1133 287 1214 Ergo
310 1136 399 1196 miser
419 1134 564 1214 trepidas,
587 1152 625 1196 ne
646 1145 779 1196 stercore
800 1136 890 1197 ioerla
912 1135 1016 1196 canino

205 1219 289 1279 Atria
311 1218 485 1298 displiceant
507 1220 602 1280 oculis
625 1221 768 1280 venientis
793 1220 888 1296 amici,
1162 1227 1195 1283 65

205 1301 250 1362 lle
273 1297 394 1381 p'eriusa
422 1303 482 1363 luto
509 1305 547 1363 sit
568 1305 715 1382 porticus:
741 1311 772 1362 et
791 1312 888 1364 tamen
906 1318 965 1363 uno

206 1384 346 1446 Semodio
370 1385 470 1446 scobis
493 1386 567 1446 baec
591 1383 726 1448 emendat
749 1387 884 1447 servulus
907 1401 995 1446 unns:

205 1466 281 1529 Illud
307 1485 366 1529 non
391 1471 501 1546 agitas,
525 1479 558 1529 ot
579 1477 709 1531 sanctam
728 1469 804 1530 illius
827 1472 904 1531 omni

205 1551 340 1630 Aspiciat
358 1553 421 1612 sine
447 1551 515 1613 lahe
538 1553 653 1613 domum
677 1555 809 1633 vitioque
833 1550 1000 1614 carentem?

207 1633 325 1695 Gratum
349 1644 412 1711 est,
437 1637 514 1714 qnod
537 1639 648 1714 patriae
671 1639 767 1697 civem
790 1637 962 1717 populoque
989 1635 1104 1712 delitti,
1161 1643 1196 1699 io

207 1718 238 1778 Si
260 1718 335 1780 iacis
360 1728 391 1780 ut
416 1721 528 1798 patriae
553 1720 757 1797 titillamur,
783 1721 862 1782 utilis
886 1723 976 1799 agris,

205 1800 292 1862 Utilis
316 1811 346 1863 et
370 1802 516 1864 bellorum
537 1813 567 1864 et
589 1807 672 1884 pacis
694 1805 783 1866 rebus
808 1805 939 1884 agendis.

207 1885 361 1947 Plurimum
383 1888 458 1946 enim
476 1888 625 1965 intererit,
649 1889 752 1968 quibus
770 1889 879 1949 artibus
900 1897 930 1948 et
948 1886 1149 1968 quibustuae
1165 1897 1195 1948 tu

206 1967 337 2030 bloribus
362 1970 504 2032 instituas.
525 1969 689 2053 1Serpente
712 1974 824 2034 ciconia
844 1971 942 2051 pullos

206 2051 303 2113 Nutrit
327 2062 357 2114 et
378 2055 494 2116 inventa
518 2073 574 2135 per
598 2057 682 2118 devia
702 2073 769 2119 rura
792 2055 917 2117 lacerto:
1162 2063 1197 2118 75

207 2135 255 2196 llli
281 2136 383 2198 eadem
410 2141 532 2218 sumptis
560 2149 704 2219 quaerunt
725 2141 857 2200 animalia
880 2141 984 2219 pinnis.

206 2219 312 2280 Vultur
336 2223 463 2283 iumento
487 2232 517 2283 et
541 2224 659 2286 canibus
683 2224 877 2304 crucibusque
898 2221 1009 2284 relictis

207 2302 253 2364 nd
279 2303 357 2365 letus
384 2316 527 2386 properat
548 2317 720 2387 partemque
745 2307 897 2368 cadaueris
919 2307 1019 2368 aliert:

205 2386 261 2447 llic
287 2397 332 2448 est
355 2406 428 2468 ergo
450 2390 532 2451 cibus
554 2392 650 2469 magni
672 2407 791 2470 quoqne
810 2391 933 2452 volturis
958 2399 988 2450 et
1009 2405 1043 2449 se

205 2470 373 2550 Pasceutis‚
395 2477 516 2554 propria
536 2490 623 2554 qaum
642 2476 700 2534 iarn
719 2475 791 2536 iacit
811 2471 917 2536 arbore
938 2473 1033 2535 nitloa.
1160 2479 1198 2534 80

206 2554 266 2615 Sed
289 2555 423 2636 leporem
446 2567 497 2619 ant
522 2575 659 2638 capream
680 2559 806 2620 famulae
829 2558 908 2620 loris
928 2567 959 2618 et
977 2572 1143 2636 generosae

204 2636 239 2698 lu
261 2639 336 2700 saltu
358 2650 609 2718 renumerares,
632 2641 701 2702 hinc
720 2642 831 2721 praetia
856 2642 946 2703 cubili

205 2722 340 2784 Ponitur:
363 2725 431 2785 inde
452 2732 548 2785 autern
569 2741 655 2802 quum
678 2743 711 2783 se
730 2733 840 2784 natura
861 2725 970 2785 levabit

205 2805 384 2884 Progenies,
409 2805 572 2868 stimulante
595 2807 672 2868 lame
694 2807 812 2867 festinat
831 2806 867 2866 ad
888 2807 977 2881 illam,

206 2888 298 2962 Quam
321 2893 441 2969 primum
459 2889 596 2969 praedem
618 2899 703 2968 rupto
725 2897 896 2966 gustaverat
917 2905 985 2948 oro.
1099 2963 1103 2968 ¹
1160 2899 1196 2952 85

249 2973 428 3034 Aedificator
450 2981 514 3032 erat
535 2969 690 3034 Cretonius
722 2982 752 3036 ct
783 2972 870 3033 modo
898 2987 987 3032 curvo

205 3056 304 3117 litore
327 3053 465 3133 Caietae,
488 3073 596 3118 summa
617 3074 694 3118 nunc
714 3055 829 3118 'liboris
851 3072 932 3132 arce,

205 3139 290 3199 Nunc
310 3138 507 3200 Praenestinis
530 3143 558 3201 in
578 3141 725 3203 montibus
747 3142 805 3202 alta
827 3139 950 3220 parabat

207 3220 338 3283 Culmina
356 3221 490 3285 villarum
507 3225 628 3287 Graecis
650 3225 798 3304 longeque
817 3225 917 3304 petitis

205 3305 414 3385 blarmoribum
436 3311 556 3370 vincens
577 3309 724 3371 Fortunae
746 3319 833 3389 atque
854 3307 990 3368 Herculis
1011 3306 1124 3385 aedem,
1159 3318 1195 3372 90

205 3391 247 3453 Ut
265 3391 358 3470 spado
379 3393 516 3454 vincebat
538 3390 684 3473 Capitolia
706 3402 805 3454 nostra
827 3391 959 3454 Posides.

210 3473 287 3536 Dum
302 3475 347 3536 sic
367 3492 440 3553 ergo
462 3475 572 3540 inabitat
594 3476 771 3554 Cretonius,
809 3477 947 3540 imminuit
967 3491 1040 3550 rem,
