2582 3950
500 262 625 310 annuns
643 263 695 310 111.
1054 255 1090 318 13

99 387 237 482 Herculis
256 402 399 462 Antaeum
421 400 559 481 procula
581 400 687 462 tellure
710 403 845 477 tenentis,

100 487 222 548 Miratur
242 491 537 565 vocem-angustans,
563 503 620 562 qna
641 485 770 545 deterius
788 503 844 546 nec
1057 501 1091 554 90

102 571 157 630 llle
181 579 280 645 sonat,
302 587 359 648 qno
381 569 531 629 mordetur
552 569 660 645 gallina
683 565 808 630 marito?

100 653 184 718 llaec
206 654 308 714 eadem
331 653 400 712 licet
423 662 452 713 et
470 651 554 713 nohis
577 651 712 714 laudare:
736 653 788 713 sed
806 652 865 714 illis

104 735 247 797 Creditur.
291 737 337 796 An
358 737 476 812 melior,
502 753 587 815 quum
608 735 718 798 Thaida
740 737 863 796 sustinet
885 746 932 798 aut
954 757 1037 816 quum

103 819 232 881 Uxorem
254 820 413 881 comoedus
435 821 495 898 agit
516 820 565 879 vel
581 819 692 880 Dorida
710 820 789 881 nnllo

104 901 217 964 Cultam
234 901 379 984 palliolo?
401 904 504 964 mulier
526 921 631 981 nempe
649 904 713 982 ipsa
734 905 860 980 videtur,
1056 919 1091 973 95

102 986 168 1047 Non
193 1005 319 1066 persona
341 989 436 1066 loqui:
457 1004 549 1048 vacua
572 996 601 1047 et
622 987 708 1064 plana
731 989 825 1047 omnia
849 989 928 1048 dicas

102 1071 180 1132 Infra
199 1072 390 1131 ventriculum
410 1080 438 1130 et
461 1071 541 1131 tenui
563 1071 695 1132 distantia
714 1073 794 1131 rima.

102 1154 166 1214 Nec
188 1162 284 1215 tamen
303 1154 463 1215 Antiochus
484 1173 540 1214 nec
564 1157 619 1215 erit
637 1153 777 1215 mirabilis
797 1155 857 1214 illic

102 1237 161 1297 Aut
186 1238 349 1299 Stratocles
372 1247 420 1299 aut
443 1256 506 1298 cnm
527 1238 607 1299 molli
628 1237 794 1300 Demetrius
815 1237 942 1300 Haemo:
1119 1295 1124 1304 .

101 1321 186 1381 Natio
209 1323 349 1384 comoeda
373 1331 426 1382 est.
471 1321 578 1383 Rides:
601 1323 711 1382 maiore
734 1323 874 1384 cachinno
1040 1339 1091 1392 100

102 1403 287 1481 concutitur3
309 1406 375 1481 det,
397 1407 423 1466 εἰ
445 1406 579 1467 lacrimas
602 1407 756 1485 conspexit
777 1407 872 1485 amici,

100 1487 165 1548 Nec
187 1489 283 1561 dolet;
305 1491 462 1567 igniculum
483 1491 602 1552 brumae
626 1492 650 1550 si
672 1499 806 1569 tempore
829 1508 946 1572 poscas,

100 1572 219 1653 Accipit
241 1571 454 1646 endromidem
475 1577 499 1635 si
522 1575 631 1635 dixeris
654 1585 772 1651 aestuo,
796 1575 888 1639 sudat.

100 1655 165 1715 Non
188 1674 284 1718 snmus
306 1675 378 1735 ergo
397 1675 502 1738 pares:
522 1658 641 1734 melior,
665 1661 713 1736 qui
737 1678 855 1739 semper
877 1673 907 1722 ct
929 1665 1004 1724 omni

99 1739 196 1799 Nocte
218 1739 323 1819 dieque
344 1751 443 1819 potest
463 1743 557 1803 aliena
578 1760 693 1803 sumere
714 1743 822 1804 vultum
893 1809 898 1819 ,
1040 1759 1089 1810 105

99 1822 125 1881 A
148 1823 236 1900 facie,
255 1826 364 1885 iactare
386 1843 502 1902 manus,
525 1825 644 1887 laudare
668 1837 797 1905 paratus,

99 1908 131 1966 Si
150 1907 226 1968 hene
247 1909 386 1985 ructavit,
408 1910 434 1968 si
454 1919 565 1970 rectum
588 1912 688 1970 minxit
711 1912 829 1983 amicus,

99 1991 130 2050 sn·
152 1991 238 2053 trulla
261 1993 379 2052 inverso
401 1994 543 2071 crepitum
563 1992 641 2055 dedit
663 2010 751 2052 aurea
772 1992 870 2052 fundo.

98 2073 255 2135 Praeterea
277 2085 407 2136 sanctum
429 2075 499 2136 nihil
522 2085 640 2136 estnec
663 2075 698 2135 ab
720 2076 836 2152 inguine
857 2084 961 2137 tutum:

97 2154 163 2217 Non
182 2167 310 2218 matrona
329 2158 416 2235 laris,
438 2176 495 2220 uon
519 2159 577 2220 lilia
598 2160 701 2238 virgo,
724 2178 821 2239 neque
843 2160 909 2241 ipse
1039 2171 1089 2225 110

98 2241 231 2318 Sponsus
252 2243 327 2303 levis
349 2242 457 2320 adhuc,
480 2261 538 2304 non
561 2243 637 2304 lilius
656 2252 722 2305 ante
744 2244 882 2322 pudicus;

97 2322 206 2384 llorum
229 2329 252 2385 si
264 2326 344 2387 nihil
366 2336 428 2402 est,
453 2329 546 2388 aviam
568 2330 717 2407 resupinat
737 2329 832 2388 amici.

97 2409 181 2467 Scire
203 2409 441 2486 volunt-secreta
464 2411 565 2470 domus
586 2420 672 2490 atque
691 2410 758 2470 inde
781 2411 884 2470 timeri.

96 2489 134 2550 l'lt
156 2493 291 2568 quoniam
314 2495 412 2570 coepit
435 2491 612 2553 Graecorum
633 2495 759 2569 mentio,
782 2494 871 2555 transi

94 2574 252 2649 Gymnasia
274 2585 361 2653 atque
384 2577 449 2635 audi
471 2576 584 2637 facinus
602 2579 719 2638 maioris
741 2576 874 2640 abollae:
1037 2589 1087 2642 115

96 2659 215 2717 Stoicus
234 2658 344 2717 occidit
363 2659 484 2719 Baream
505 2661 636 2736 delator,
658 2663 779 2722 amicum

95 2740 335 2820 Discipnlumque
358 2761 450 2803 sonex
471 2746 534 2822 ripa
553 2747 675 2806 nutritus
692 2723 724 2804 in
746 2745 807 2820 illa,

97 2825 143 2885 Ad
168 2843 252 2904 quam
271 2825 419 2905 Gorgonei
442 2827 564 2906 delapsa
587 2838 632 2889 est
652 2832 738 2908 pinna
759 2828 879 2889 cahalli!

95 2907 161 2967 Non
184 2919 229 2968 est
249 2909 379 2971 Romano
403 2912 535 2990 cuiquam
558 2912 641 2973 locus
663 2913 725 2986 hic,
747 2912 795 2972 uhi
818 2921 922 2990 regnat

96 2991 279 3070 Protogenes
300 2995 403 3073 aliquis
423 2995 472 3056 vel
493 2993 627 3074 Diphilus
647 3005 694 3058 aut
714 2995 919 3072 Hermarchus,
1036 3007 1086 3059 120

96 3074 151 3147 Qui
173 3079 268 3153 gentis
291 3079 361 3138 vitio
384 3097 536 3158 numquam
556 3081 676 3159 partitur
699 3080 830 3155 amicum,

96 3159 184 3219 Solus
206 3158 308 3230 hahet;
326 3163 395 3224 'nam
417 3181 503 3242 quum
525 3162 640 3224 facilem
663 3163 782 3224 stillavit
802 3164 830 3224 in
852 3182 950 3226 aurem

96 3239 238 3318 Exiguum
261 3245 296 3304 de
310 3248 439 3308 ‘naturae
460 3248 631 3327 patriaeque
651 3264 777 3324 veneno,

95 3323 202 3386 Limine
226 3346 427 3408 summoveor,
453 3333 600 3411 perierunt
619 3340 752 3411 tempora
775 3332 855 3410 longi

96 3409 229 3479 Servitii;
253 3431 392 3492 nusquam
414 3418 507 3477 minor
527 3426 573 3477 est
592 3416 701 3478 iactura
722 3415 847 3476 clientis.
1037 3423 1083 3476 125

137 3492 222 3566 Quod
245 3512 334 3573 porro
358 3498 500 3575 officinm,
521 3519 557 3559 ne
578 3499 661 3560 nohis
683 3497 832 3575 blandiar,
856 3508 902 3560 aut
923 3499 998 3576 quod
