2590 3946
23 332 26 420 l

489 245 614 294 sauma
636 247 684 294 rx.
1065 237 1106 299 63

117 383 194 444 Vela
215 390 314 461 tegant
335 383 439 459 rimas,
462 382 550 461 iunge
574 385 663 459 ostia,
681 383 775 444 tollite
794 382 901 460 lumen,
1055 397 1105 452 ,05

23 471 24 482 ¹
117 465 261 528 Emedio
285 466 350 527 iace
372 474 439 526 eant
460 483 576 541 omues,
600 483 693 544 prope
716 482 801 525 nemo
823 468 987 529 recumbat:

118 549 204 624 Quod
227 559 321 610 tamen
344 549 380 609 ad
403 558 517 610 cantum
538 549 608 627 galli
629 549 698 610 iacit
717 549 768 615 ille
790 550 921 626 secundi,

20 685 21 696 ,
116 633 268 694 Proximus
291 641 357 694 ante
380 633 455 694 diem
478 649 572 712 caupo
594 632 683 700 sciet;
706 633 804 693 audiet
824 642 855 694 et
873 651 948 712 quae

20 715 21 720 ’
116 715 275 776 linxerunt
292 717 402 795 pariter
423 716 573 792 librarius,
597 715 792 794 archimagiri,

118 797 287 878 carptores.
324 798 410 873 Quod
429 801 504 860 enim
524 798 652 859 dubitant
674 816 852 880 componere
876 801 984 863 crimen
1056 814 1105 867 llo

115 883 149 943 ln
169 882 318 960 dominos,
342 885 457 962 quotics
476 882 638 943 rumoribus
659 881 838 944 ulciscuntur

115 963 238 1027 baltea?
260 985 316 1027 uec
329 966 450 1044 deerit,
474 968 523 1045 qui
542 975 571 1027 te
594 985 649 1047 per
671 968 796 1046 compita
820 978 939 1045 quaerat

115 1048 272 1110 Nolentem
295 1059 324 1109 et
344 1052 479 1110 miseram
501 1052 621 1110 vinosus
641 1049 765 1110 inebriet
791 1068 898 1111 aurem.

114 1132 187 1193 lllos
208 1150 280 1211 ergo
300 1150 404 1211 roges,
428 1134 565 1212 quidquid
585 1133 672 1213 paulo
690 1141 756 1194 aute
777 1133 899 1212 petebas

115 1216 142 1275 Α
164 1225 262 1286 nobis;
286 1225 402 1277 taceant
420 1217 478 1277 illi:
503 1216 554 1277 sed
576 1217 704 1296 prodere
726 1217 833 1277 malunt
1054 1231 1103 1284 115

76 1317 82 1326 ⁴
114 1300 275 1377 Arcanum,
300 1317 383 1378 quam
407 1300 538 1380 subrepti
560 1309 663 1380 potare
684 1299 801 1361 Falerni

114 1382 171 1446 l'ro
196 1383 307 1462 populo
328 1383 440 1444 iaciens
464 1393 599 1464 quantum
622 1383 739 1445 Saufeia
761 1382 887 1444 bibebat.

113 1466 275 1527 vivendum
300 1475 382 1528 recte
406 1476 465 1544 est,
495 1487 580 1547 quum
603 1477 725 1547 propter
745 1467 884 1546 plurima,
907 1476 964 1528 tum
987 1469 1036 1530 uel

114 1548 228 1612 ldcirco
250 1559 279 1611 ut
302 1552 400 1629 possis
424 1550 549 1629 linguam
570 1560 757 1613 contemnere
781 1551 868 1612 serui.

114 1631 278 1713 Praecipue
303 1651 375 1694 cave
398 1636 453 1711 sis,
477 1643 508 1695 ut
527 1635 641 1714 linguas
662 1636 869 1713 mancipiorum
1052 1647 1103 1701 120

116 1713 307 1787 Contemuas;
333 1735 397 1779 nam
419 1717 517 1796 lingua
538 1719 605 1779 mali
625 1737 695 1798 pars
716 1719 843 1798 pessima
869 1718 961 1787 serni;

114 1798 251 1861 Deterior
273 1810 368 1862 tamen
388 1800 451 1878 bic,
475 1802 522 1880 qui
545 1802 620 1862 liber
642 1818 700 1862 nou
723 1803 778 1861 erit
798 1800 867 1876 illis,

5 1934 6 1944 ,
114 1881 243 1956 Quorum
267 1887 374 1945 animas
397 1894 426 1945 et
450 1884 528 1945 iarre
550 1902 602 1946 suo
628 1884 753 1946 custodit
776 1892 806 1944 et
827 1901 906 1944 aere.

156 1967 258 2044 „Utile
281 1969 432 2030 consilium
454 1968 558 2044 modo,
580 1968 634 2029 sed
660 1984 824 2043 commune,
848 1966 968 2026 dedisti:

112 2047 195 2113 Nunc
211 2051 279 2112 mibi
296 2052 363 2132 quid
379 2051 485 2112 suades
502 2060 571 2131 post
587 2052 717 2112 damnum
734 2049 874 2129 temporis
890 2057 920 2109 et
936 2066 1006 2127 spes
1050 2059 1100 2112 125

112 2132 285 2214 Deceptas‘l
305 2135 423 2196 iestiuat
440 2135 514 2195 enim
535 2135 693 2195 decurrere
713 2134 802 2194 uelox

110 2216 266 2278 l'losculus
289 2229 430 2300 angustae
452 2220 635 2297 miseraeque
657 2217 829 2279 breuissima
851 2218 929 2278 uitae

110 2299 225 2371 Portio;
247 2302 313 2363 dum
334 2302 475 2379 bibimus,
497 2302 562 2363 dum
585 2311 680 2379 serta,
703 2309 866 2380 unguenta,
889 2299 1003 2379 puellas

109 2383 277 2462 Posuimus,
302 2385 417 2466 obrepit
440 2402 497 2445 non
515 2386 665 2448 intellecta
687 2388 859 2447 senectus.“

108 2467 154 2529 Ne
177 2470 308 2548 trepida:
330 2487 482 2549 numquam
502 2469 634 2549 pathicus
655 2468 707 2529 tibi
726 2468 820 2529 deerit
841 2468 961 2543 amicus,
1049 2475 1100 2531 1³0

110 2552 256 2613 stantibus
280 2561 309 2614 et
330 2553 420 2614 saluis
441 2552 486 2612 luis
509 2552 649 2621 collibus;
673 2551 799 2630 undiquc
821 2551 858 2612 ad
879 2551 946 2610 illos

111 2633 292 2696 Conuenient
313 2646 344 2697 et
370 2637 515 2716 carpentis
538 2645 567 2697 et
587 2635 708 2696 navibus
731 2652 842 2711 omues,

111 2717 167 2792 Qui
189 2717 279 2798 digito
299 2721 433 2799 scalpunt
456 2737 513 2780 uno
536 2729 631 2799 caput.
667 2719 770 2781 Altera
788 2720 880 2779 maior

110 2802 187 2880 Spes
207 2811 358 2881 superest:
382 2813 411 2864 tn
430 2812 536 2866 tantum
559 2804 655 2864 erucis
678 2805 808 2884 imprime
828 2803 951 2863 dentem.

111 2885 215 2960 „llaec
238 2887 371 2965 exempla
395 2905 466 2965 para
488 2887 640 2956 felicibus;
664 2896 693 2948 at
713 2905 778 2948 nuea
801 2883 909 2947 (llotbo
1048 2893 1097 2948 135

110 2967 148 3029 lit
169 2968 309 3030 Lachesis
336 2970 478 3048 gaudent,
507 2974 531 3030 si
556 2974 687 3051 pascitur
707 2971 824 3047 inguine
849 2976 962 3028 uenter.

110 3049 134 3110 0
157 3055 238 3131 parui
260 3056 411 3132 nostrique
431 3053 537 3130 Lares,
563 3071 637 3133 quos
656 3062 720 3114 ture
741 3053 847 3112 minuto

110 3135 169 3195 Aut
192 3137 269 3196 farre
296 3146 326 3197 et
347 3137 425 3198 tenui
449 3138 535 3199 soleo
558 3154 683 3198 exorare
707 3152 826 3211 corona,

110 3216 232 3291 Quando
256 3239 313 3299 ego
335 3221 420 3299 ligem
443 3221 568 3300 aliquid,
589 3238 648 3302 quo
671 3221 707 3280 sit
727 3218 795 3279 mibi
816 3227 876 3279 tute
899 3226 1036 3278 senectus

109 3302 257 3382 Ategete
281 3314 310 3364 et
331 3302 461 3366 baculo?
481 3306 582 3383 uiginti
603 3304 679 3365 milia
714 3303 799 3364 fenus
1047 3307 1097 3362 lid

107 3384 279 3463 Pigneribus
303 3389 425 3466 positis,
444 3391 557 3466 arpenti
577 3387 698 3449 vascula
717 3388 792 3466 puri,

109 3469 169 3529 Sed
187 3488 262 3549 quae
282 3469 432 3532 Fabricius
453 3488 560 3533 censor
581 3479 678 3550 notet,
705 3477 736 3530 et
759 3469 816 3529 duo
839 3469 932 3527 fortes
