2582 3950
205 203 294 252 xxiv
606 196 813 246 PRAEFATIO.

210 363 255 403 suo
266 346 430 418 iureflagitat,
442 359 502 414 puer
512 357 560 398 non
577 341 650 402 item,
660 339 709 394 hoc
720 341 796 412 igitrrr
803 357 891 398 munus
902 343 1016 414 peculiari
1026 344 1192 401 additamento
1272 345 1273 352 ’

208 446 237 486 eo
249 430 338 485 certius
357 427 493 502 significare
506 440 578 480 ausus
588 439 656 490 sum,
676 439 723 495 quo
740 426 819 483 minor
835 426 966 497 particulae
976 427 1071 484 itlicvis
1082 436 1190 500 apparet

207 515 244 570 Ne
263 521 342 568 tamen
362 513 434 568 etiam
449 527 473 567 v.
486 512 520 566 35
527 508 642 580 meinai,
661 522 733 578 quem
745 523 829 565 omues
841 510 892 565 iere
907 510 962 566 libri
972 511 1085 568 exhibent
1095 526 1142 566 nec
1151 512 1192 567 Pi·

208 597 304 654 thoeani
318 595 414 669 po..io
432 590 1192 668 5551551555ρί5555155551555155555551ὼηί5555ῑί·

207 689 313 745 tuerem,
332 681 357 736 in
373 685 439 734 nuta
455 675 638 750 significationis
653 675 809 734 similitudine
819 694 869 734 non
879 678 946 735 latini
956 685 1052 734 tantum
1062 679 1107 734 sed
1117 680 1192 734 etiam

208 765 289 838 graeci
300 763 417 820 sermonis
427 761 549 817 silentium
560 758 696 829 prohibuit,
713 761 754 832 qui
764 775 810 816 uec
819 763 872 834 ipse
881 763 1009 832 555ιῶ55
1021 763 1101 827 uouit;
1112 778 1192 834 neque

207 866 238 905 er
248 848 360 919 tt'potius
372 851 503 918 quamcito
519 842 637 898 sorbenti
649 859 720 899 causa
731 845 756 900 iu
766 845 890 902 Pithoeaui
901 862 983 903 rasura
994 846 1116 910 exstabat,
1128 861 1192 918 quae

208 934 252 988 etsi
268 946 316 987 uua
326 931 395 987 litera
405 929 506 999 amplior
515 927 560 992 sit,
580 926 629 983 hoo
643 928 696 997 ipso
707 930 784 1000 spatio
801 931 888 986 erroris
899 931 1002 1003 vstigia
1012 936 1104 986 utente
1114 931 1193 985 conti·

131 1077 135 1086 ,
207 1030 264 1071 nere
275 1021 362 1085 potest.
378 1042 415 1053 -
427 1013 456 1066 V.
471 1016 505 1071 55
515 1010 623 1066 ouium
633 1025 696 1083 ego;
713 1011 815 1069 5551555
825 1014 929 1084 plurimi,
939 1013 1016 1070 555115
1026 1014 1123 1070 Iahnius
1134 1029 1192 1069 oum

207 1099 331 1155 Pithoeaui
347 1112 421 1154 manu
437 1095 530 1166 priore,
550 1111 599 1150 uon
617 1101 713 1164 tamen,
732 1098 829 1168 opinor,
847 1114 895 1172 quo
913 1099 949 1154 sic
959 1099 1084 1170 scripsisse
1093 1105 1192 1169 poetam

208 1180 456 1249 arbitraretru,serlne
466 1179 553 1235 inloco
561 1179 687 1251 desperato
698 1180 874 1238 aiundameuto
881 1198 926 1238 suo
937 1183 1035 1255 longius
1044 1181 1192 1243 discederet;

208 1280 352 1339 quamquam
362 1265 425 1320 riam
436 1263 576 1319 emendandi
589 1263 637 1318 iam
647 1266 788 1321 monstrarit
801 1265 829 1323 G.
841 1265 955 1322 Barthius
964 1273 993 1340 et
1000 1266 1028 1324 P.
1039 1265 1192 1322 Burmannus

206 1349 275 1406 55551
286 1347 458 1421 proponendo,
476 1347 540 1419 quod
551 1346 652 1402 verbum
661 1347 919 1406 hbidiuosaemuheris
935 1351 1054 1422 pruritum
1064 1349 1190 1412 descrihil;

209 1435 311 1506 indeque
321 1433 386 1489 facili
395 1432 495 1504 negotio
506 1431 651 1487 adiectirum
659 1431 772 1503 lingitur,
784 1433 849 1505 quod
863 1435 909 1489 etsi
918 1449 993 1490 uuum
1010 1439 1133 1506 praeterea
1143 1433 1191 1488 he·

208 1519 302 1575 dituum
313 1516 376 1588 apud
387 1514 448 1571 Gell.
460 1514 524 1570 xlx.
536 1519 554 1573 9
570 1529 698 1586 usurpasse
709 1523 801 1572 eertum
812 1522 863 1582 ost,
874 1525 955 1574 umen
966 1525 991 1573 et
1002 1518 1088 1574 rationi
1099 1525 1124 1572 et
1134 1531 1190 1572 sen-

207 1599 724 1674 1555155155135115555555511,55555155,
737 1607 765 1656 ut
775 1616 859 1672 spero,
871 1603 893 1657 ei
903 1602 1017 1670 nocebit,
1028 1601 1093 1674 quod
1103 1602 1189 1657 eodem

210 1695 332 1757 ternpore,
348 1699 396 1758 quo
414 1698 463 1756 ego
478 1682 527 1738 hoc
535 1682 637 1739 alienum
654 1684 706 1740 eius
716 1686 853 1756 exemplum
864 1688 985 1750 revocari,
1004 1686 1115 1741 Hortalus
1125 1685 1189 1755 apud

208 1771 312 1827 Gellium
322 1768 459 1839 nescioquo
469 1765 675 1823 accomodatur
684 1768 767 1824 edidit.
783 1767 1026 1842 Minrrspugnou.i⁰
1036 1785 1080 1840 pro
1091 1769 1189 1825 nomine

207 1854 280 1918 Acci,
297 1853 361 1926 quod
379 1852 433 1908 idco
444 1857 538 1908 mutum
548 1852 670 1916 revocari,
682 1853 820 1924 55155555,
832 1854 897 1926 quod
912 1854 937 1909 iu
953 1852 1016 1910 Pith.
1033 1859 1077 1920 est,
1095 1867 1127 1908 ue
1136 1853 1189 1924 ipse

208 1939 303 2012 quidem
310 1983 317 2004 ,
324 1937 370 2010 qui
381 1942 465 1992 555155
474 1933 582 2008 tropoeda'
592 1935 731 2005 explicarit,
743 1937 871 1993 scholiasta
881 1937 969 1993 melius
978 1951 1051 2009 quam
1061 1952 1107 1992 nos
1117 1935 1188 1992 intel·

207 2023 293 2080 texisse
303 2023 410 2083 videtum
421 2021 464 2076 sed
473 2026 502 2075 ut
512 2018 588 2075 Iahnii
594 2021 730 2076 cautionem
740 2021 820 2090 laudo,
827 2021 867 2094 qui
873 2027 1013 2092 corruptum
1020 2035 1093 2093 quam
1103 2035 1187 2091 suspe-

208 2115 274 2163 ctum
285 2106 356 2161 edere
366 2105 459 2171 maluit,
470 2105 504 2159 ita
513 2118 559 2158 uec
569 2118 610 2159 ore
622 2104 794 2174 reprehensum
809 2105 838 2160 iri
847 2120 926 2176 spero,
937 2105 979 2177 qui
988 2104 1069 2161 bacin
1083 2104 1187 2161 editione

207 2207 256 2246 uon
266 2191 315 2260 legi
325 2195 418 2244 tantum
429 2189 472 2243 sed
483 2188 555 2241 etiam
566 2187 674 2260 intellegi
683 2188 820 2244 quenalem
829 2188 956 2247 voluerim.
970 2217 1006 2228 ·-
1024 2189 1051 2246 V.
1065 2192 1124 2249 117.
1135 2191 1187 2247 118

207 2290 251 2330 our
260 2271 460 2343 transposuerim.
479 2273 568 2326 inserto
585 2277 640 2327 aute
649 2277 744 2345 tepetem
754 2287 808 2328 mea
818 2288 849 2327 ex
862 2273 1001 2330 coniectura
1010 2279 1046 2334 et.
1057 2274 1082 2328 in
1092 2271 1184 2327 lindio.

207 2373 232 2430 p.
245 2363 278 2416 11
289 2356 398 2428 pluribus
409 2356 517 2426 exposui,
530 2355 667 2427 ibidemque
675 2357 795 2412 cancellos
803 2359 893 2414 ulti.
906 2361 965 2416 157.
977 2356 1185 2427 1715555555

207 2441 284 2504 teudi:
296 2439 383 2512 quibus
400 2445 428 2495 ut
436 2445 531 2511 praeter
541 2454 564 2495 v.
578 2443 643 2507 126,
658 2457 706 2512 quo
717 2446 742 2495 et
752 2439 815 2498 Pith.
826 2446 905 2508 caret,
921 2441 969 2495 iam
979 2442 1077 2496 etiam
1097 2443 1148 2497 115
1161 2445 1186 2498 et

208 2528 259 2583 130
271 2523 394 2587 adderem,
416 2537 464 2578 nou
480 2529 614 2581 structurae
630 2525 709 2597 magis
725 2525 912 2580 inconcinnitate
930 2540 1001 2596 quam
1012 2524 1125 2596 imaginis
1135 2523 1185 2578 lan-

207 2622 285 2681 guore
300 2612 381 2662 motus
397 2621 459 2662 sum.
490 2605 519 2659 V.
534 2612 584 2666 115
596 2613 662 2662 certe
678 2615 703 2664 et
713 2609 827 2680 asyndeto
837 2609 943 2673 laborat,
959 2614 984 2664 et
995 2607 1186 2663 antecedentium

207 2691 326 2748 atrocitati
335 2689 395 2745 nihil
407 2691 453 2744 uisi
463 2689 569 2762 uulgaris
585 2692 718 2746 meretricis
733 2692 839 2762 speciem
849 2692 928 2746 verbis
939 2691 1027 2760 pariter
1037 2706 1066 2744 ac
1080 2691 1186 2746 numeris

207 2777 309 2830 inertem
320 2773 398 2836 addit;
409 2789 432 2830 v.
447 2776 499 2832 1³0
508 2781 589 2830 autem
600 2777 685 2846 etipse
695 2789 762 2830 acres
772 2775 908 2846 praegressi
917 2773 1029 2828 versiculi
1040 2773 1134 2828 colores
1144 2789 1186 2829 err-

207 2859 317 2930 plicando
328 2863 437 2914 attenuat
447 2859 567 2930 simulque
576 2858 733 2931 polysyndeto
741 2856 874 2913 naturalem
884 2856 999 2912 orationis
1010 2870 1108 2913 cursum
1118 2871 1187 2928 prae·

207 2950 243 2998 ter
254 2957 351 2998 omnem
361 2943 530 2998 necessitatem
540 2941 631 3003 tardat:
642 2941 729 3012 quibus
737 2940 769 2996 de
778 2940 850 2994 rebus
860 2954 1005 3012 quamquam
1018 2956 1089 2996 suum
1100 2942 1187 3013 cuique

209 3027 325 3083 iudicium
336 3028 438 3099 relinqui
448 3026 528 3091 debet,
541 3025 641 3080 caucelli
651 3030 732 3079 tamen
743 3024 815 3078 etiam
827 3023 957 3094 suspicioni
968 3023 1056 3096 aliquid
1067 3025 1187 3096 indulgeri

206 3112 336 3182 patiuntur.
351 3139 388 3151 -
397 3111 425 3166 V.
436 3116 484 3169 151
495 3115 601 3164 umorem
613 3123 692 3163 meam
698 3107 860 3162 coniecturam
870 3108 1008 3181 5555557555
1018 3108 1081 3165 euim
1089 3109 1134 3164 boo
1143 3123 1187 3178 pro

206 3195 234 3251 in
243 3195 320 3251 borio
333 3196 441 3252 ordinem
451 3192 543 3262 recepi,
555 3192 610 3262 quia
621 3193 645 3246 in
656 3191 692 3256 iis,
705 3206 766 3262 quae
776 3193 935 3258 antecedunt,
947 3208 997 3248 uon
1006 3199 1118 3264 sumptus
1127 3191 1185 3255 lieri,

206 3279 248 3335 sed
258 3281 321 3351 ipsas
332 3295 371 3334 ros
380 3274 1061 3347 5111555555]5555515555555555155555153
1075 3276 1187 3332 audacius

207 3362 287 3436 egisse
302 3363 397 3428 uideor,
415 3361 456 3431 qui
473 3358 629 3414 aPithoeaua
642 3360 746 3416 lectione
761 3377 807 3435 quo
822 3361 852 3417 ad
863 3367 969 3416 veterem
981 3377 1052 3435 quar
1067 3357 1184 3422 redierim,

207 3447 261 3518 quia
277 3463 325 3500 non
336 3450 401 3498 totus
412 3442 515 3510 mensis,
526 3442 569 3498 sed
580 3441 740 3502 Saturnalium
750 3451 847 3516 tempus
857 3446 921 3500 circa
930 3444 1041 3500 bmmam
1052 3442 1185 3513 respicitur,

206 3535 285 3599 aeque
298 3529 375 3594 ipsum
388 3541 432 3599 qvo
443 3541 456 3580 a
466 3541 533 3601 quom
552 3528 585 3582 ita
596 3529 680 3595 distat,
696 3535 725 3585 ut
735 3529 846 3586 consulto
858 3525 960 3584 alterurh
973 3543 1017 3598 pro
1028 3527 1102 3582 altero
1114 3523 1186 3580 scribi
