2590 3946
202 242 242 302 70
542 250 577 297 D.
597 249 669 298 1UN.
692 250 877 300 Iuventus

201 392 339 467 doneris,
363 393 439 451 iacet
462 390 585 467 exiguus
608 407 672 450 cum
692 389 799 450 rumice
819 406 926 450 nervus
1133 403 1186 456 uos

200 477 253 552 Et,
282 476 412 552 quumvis
435 481 495 533 tote
517 471 653 552 palpetur
675 482 778 548 nocte,
802 471 921 532 iacebit

199 561 284 621 Anne
306 557 414 638 aliquid
434 574 556 635 sperare
578 565 677 635 potest
698 556 773 618 hec
794 556 917 633 inguinis
939 558 1021 634 aegri

201 638 348 704 Canities?
377 641 445 720 quid
469 638 548 719 quod
570 641 673 700 merito
695 648 832 718 suspecte
853 638 942 702 libido
965 649 1021 715 est,

201 728 283 802 Quae
305 725 452 786 Venerem
475 724 593 784 ndeetet
615 724 677 782 sine
699 719 831 784 viribus?
846 721 956 801 Aspice
978 725 1068 801 pertis

199 810 283 871 Nune
306 810 437 870 damnum
458 805 595 875 alterium
618 825 683 866 nuru
705 824 780 887 quae
802 815 935 870 carnote
959 807 1105 886 voluptas,
1133 820 1187 873 uro

201 896 245 956 Sit
268 894 338 954 iicet
359 893 497 966 eximius,
515 890 706 966 citharoedo,
729 893 805 950 sitve
825 889 981 968 Seleucus,

200 979 237 1039 Et
260 976 364 1057 quibus
385 983 484 1037 euretu
503 991 567 1034 mos
589 983 635 1034 est
657 974 773 1050 fulgere
795 972 933 1034 iocerne?

201 1061 276 1136 Quid
298 1061 405 1135 refert,
428 1058 524 1135 magni
546 1057 648 1118 setene
669 1076 726 1137 que
748 1067 831 1137 parte
857 1057 973 1134 theetri

201 1138 257 1220 Qui
280 1145 329 1203 vix
352 1142 518 1204 cornicines
540 1141 675 1204 exaudiet
699 1151 786 1222 atque
812 1141 943 1202 tuburum

200 1224 390 1289 Goucentusi
414 1225 543 1286 elamore
567 1234 726 1304 opus-est,
751 1234 780 1285 ut
803 1225 908 1286 sentict
928 1227 1016 1302 euris,
1134 1238 1186 1290 21⁵

200 1313 295 1387 Quem
321 1311 398 1371 dicet
418 1310 536 1370 venisse
560 1326 650 1387 puer,
673 1319 744 1386 quot
765 1311 876 1369 nuntiet
897 1308 995 1370 hores.

199 1395 357 1456 Praeterea
379 1393 508 1452 minimus
530 1391 630 1470 gelido
653 1393 709 1455 iem
730 1410 858 1471 corpore
881 1394 998 1472 sergis

199 1477 296 1540 Febre
320 1476 399 1537 celet
422 1475 501 1536 soie:
524 1475 693 1536 circumsilit
717 1478 831 1554 agmine
853 1477 932 1538 fecto

199 1561 367 1622 Morborum
391 1577 476 1620 omne
496 1577 605 1637 genum
634 1577 757 1638 quorum
780 1562 805 1620 si
828 1563 1100 1640 nominassemus,

200 1645 362 1723 Promptius
387 1641 557 1721 expediam,
581 1653 653 1721 quot
673 1645 811 1704 amaverit
833 1643 927 1723 Oppio
948 1645 1100 1722 moechos,
1134 1657 1188 1709 tuo

201 1729 279 1803 Quot
301 1726 459 1788 Themison
482 1744 590 1804 aegros
612 1736 744 1787 eutmnuo
767 1727 910 1788 occiderit
934 1745 1001 1804 uno,

200 1813 278 1887 Quot
301 1810 414 1872 Basilus
435 1811 552 1886 socios,
576 1820 646 1890 quot
670 1812 931 1890 circumscripserit
951 1810 1052 1872 Hirrus

197 1894 345 1974 Pupillos,
369 1903 440 1971 quot
465 1894 553 1971 longe
579 1896 657 1955 viros
681 1895 839 1956 exsorbent
865 1911 920 1955 uuo

199 1979 298 2040 Maura
323 1978 386 2054 die,
409 1987 481 2058 quot
504 1978 662 2056 discipulos
685 1980 804 2040 inclinet
826 1977 981 2046 Humidum

200 2063 370 2123 Pcrcurram
393 2064 495 2138 citius,
522 2073 593 2140 quot
613 2063 697 2124 villas
723 2063 873 2141 possideat
893 2080 979 2138 nuuc,
1133 2073 1185 2124 225

201 2145 265 2219 Quo
289 2147 429 2206 tondente
451 2147 549 2223 grecis
571 2147 667 2206 iuveni
691 2147 758 2207 milri
781 2146 871 2206 barbe
898 2145 1028 2206 uouebat.

200 2229 254 2290 ille
278 2229 415 2306 humero,
440 2229 487 2289 hio
510 2228 627 2306 lumbis,
657 2229 705 2290 hic
725 2247 801 2290 conc
823 2229 944 2298 debilis:
969 2229 1071 2289 umbos

130 2386 132 2390 .
198 2313 327 2374 Perdidit
352 2313 401 2374 ille
424 2313 528 2373 oculos
551 2321 581 2374 et
601 2312 690 2372 luscis
712 2313 837 2380 invidet:
864 2313 947 2374 drudro

199 2396 310 2458 Pallida
333 2397 416 2458 lubra
437 2396 531 2457 cibum
552 2397 697 2475 accipiunt
718 2397 816 2474 digitis
840 2395 953 2474 alienis,

198 2480 267 2559 Ipse
290 2479 326 2540 ed
351 2489 541 2560 conspectum
563 2497 674 2541 coenae
697 2482 838 2542 diducere
857 2483 961 2542 rictum
1133 2487 1186 2545 tito

200 2565 305 2623 Suetus
330 2563 389 2623 hiet
413 2573 537 2638 tuntum,
562 2582 616 2624 eeu
639 2564 736 2643 pullus
759 2565 933 2642 hirundinis,
956 2563 993 2624 ud
1014 2581 1100 2642 quem

200 2645 258 2704 Ore
278 2645 358 2704 volat
384 2646 472 2724 pietro
495 2655 586 2706 muter
611 2648 715 2708 ieiune.
752 2649 811 2708 Sed
834 2650 910 2708 omni

198 2727 393 2790 Membroruur
415 2727 516 2788 daumo
539 2729 631 2788 maior
655 2729 815 2804 dementis,
841 2748 916 2808 quae
934 2746 990 2788 nee

198 2811 321 2871 Nomine
346 2826 498 2870 serrorum
519 2827 574 2868 nee
595 2811 702 2872 vultum
727 2814 859 2888 agnoscit
876 2812 971 2884 amici,

200 2893 271 2955 Gurn
292 2911 349 2975 quo
372 2893 531 2972 praeterite
553 2897 688 2954 coenmit
710 2904 814 2970 noete,
838 2893 994 2968 decides,
1133 2907 1185 2961 235

200 2979 281 3052 Quos
303 2979 418 3056 genuit,
441 2993 516 3057 quoe
540 2977 647 3037 eduxit.
680 2977 753 3040 Num
776 2978 878 3039 codice
901 2991 991 3039 soevo
1016 3034 1020 3044 ,

197 3062 330 3122 Heredes
350 3071 429 3122 vetat
452 3079 519 3122 esse
543 3077 629 3136 suos,
651 3062 729 3124 boue
751 3071 811 3124 totu
832 3063 964 3125 teruntur

197 3146 246 3206 Ad
270 3144 403 3213 Phialen;
430 3155 536 3207 tautum
558 3147 676 3207 ertiiicis
697 3147 776 3208 vaiet
796 3146 902 3208 inlitus
923 3146 994 3222 oris,

199 3228 284 3302 Quod
310 3236 430 3288 steterat
449 3229 544 3291 multis
567 3231 596 3289 iu
618 3249 739 3292 carcere
761 3231 882 3290 fornicis
904 3231 994 3292 enuis.

198 3311 236 3371 Ut
257 3314 375 3390 vigeant
400 3330 504 3372 sensus
531 3315 632 3390 enimi,
661 3315 793 3375 ducende
814 3324 911 3376 tumen
933 3315 990 3375 sint

119 3449 122 3454 .
198 3395 313 3456 Funere
335 3406 483 3474 natorum,
505 3413 596 3474 roga
617 3399 802 3477 aspiciendus
828 3409 939 3460 unates

198 3476 339 3558 Coniugis
362 3489 391 3540 et
413 3480 510 3542 fratris
537 3481 701 3562 plenaeque
724 3484 877 3545 sororibus
902 3501 1001 3544 urnce.
