2582 3950
516 259 642 308 sentus
663 261 710 308 vr.
1101 251 1141 313 29

153 401 334 463 Conventum
355 409 450 460 tamen
473 409 503 460 et
523 406 640 480 pactum
662 407 691 459 et
713 401 860 477 sponsalia
881 411 980 464 nostra
1108 416 1143 468 25

152 487 339 564 Tempestate
361 502 459 562 paras,
480 486 596 561 iamque
618 491 772 542 atonscre
794 485 935 562 magistro

152 571 282 631 Pectoris
308 577 337 627 et
358 567 449 645 digito
471 570 576 646 pignus
597 565 724 626 fortasse
746 566 867 628 dedisti:

154 652 256 733 [Certe
277 670 363 712 sanus
386 649 473 711 eras?
495 667 634 726 uxorem,
658 649 810 726 Postume,
833 650 948 732 ducisll

151 737 223 812 Dic,
247 755 304 816 qua
326 734 501 814 Tisiphone,
524 734 627 813 quibus
650 735 801 811 exagitare
821 734 972 795 colubris'l

152 819 245 882 Perre
267 828 354 898 potes
376 819 519 879 dominam
541 817 631 878 salvis
653 826 697 876 tot
718 817 967 895 testimoniium,

153 903 247 979 Quum
267 912 386 982 pateant
409 901 487 964 altae
508 902 730 981 caligantesque
753 901 911 978 fenestrae,

150 987 247 1060 Quum
269 987 321 1047 tibi
342 987 468 1046 vicinum
489 1004 522 1045 se
544 985 687 1065 praebeat
707 984 849 1048 Aemilius
871 985 969 1066 pons?

152 1072 211 1131 Ant
230 1073 255 1130 si
277 1070 314 1130 de
337 1070 433 1131 multis
456 1069 552 1130 nullus
575 1069 675 1148 placet
698 1072 809 1146 exitus,
831 1069 904 1131 illud

151 1154 255 1215 Nonne
278 1165 362 1233 putas
385 1154 507 1230 melius,
530 1153 608 1233 quod
628 1161 725 1215 tecum
747 1155 831 1232 pusio
854 1152 969 1232 dormit,

151 1239 251 1315 Pusio,
275 1241 323 1318 qui
345 1247 433 1299 noctu
454 1255 512 1298 non
533 1237 644 1316 litigat,
668 1239 760 1316 exigit
782 1257 797 1298 a
820 1247 849 1298 te
933 1235 935 1238 ’

151 1321 240 1383 Nulla
261 1324 360 1383 iacens
382 1321 462 1382 hillis
485 1321 669 1398 munuscula,
692 1341 749 1382 uec
768 1325 914 1401 queritur,
938 1326 1017 1404 quod

151 1405 191 1466 Et
212 1405 296 1466 lateri
318 1424 423 1484 parcas
446 1425 502 1468 nec
523 1414 659 1485 quantum
680 1407 765 1467 iussit
786 1405 928 1468 anheles?

152 1490 213 1550 Sed
235 1488 334 1568 placet
354 1488 471 1551 Ursidio
492 1489 543 1550 lex
564 1488 653 1550 lulia:
678 1489 787 1551 tollere
809 1490 925 1552 dulcem

153 1571 272 1651 Cogitat
294 1573 449 1652 heredem,
474 1577 616 1635 cariturus
637 1582 749 1634 turture
770 1591 875 1653 magno

150 1656 366 1737 Mullorumque
387 1658 462 1719 iubis
486 1667 515 1719 et
537 1666 689 1738 captatore
710 1658 847 1719 macello.

153 1739 229 1815 Quid
251 1741 395 1801 horinon
417 1760 508 1821 posse
529 1751 633 1821 putes,
656 1743 681 1802 si
704 1743 832 1820 iungitur
853 1742 913 1804 nlla

150 1823 290 1885 Ursidiot
313 1827 338 1884 si
358 1826 548 1886 moechorum
568 1827 735 1886 notissimus
759 1825 827 1886 olim

152 1907 249 1970 Stulta
270 1909 394 1969 maritali
417 1911 472 1969 iam
495 1909 620 1987 porrigit
641 1927 693 1970 cra
719 1911 860 1988 capistro,

152 1991 247 2066 Quem
269 1993 356 2053 toties
378 1994 453 2052 texit
475 1993 596 2072 perituri
618 1995 691 2054 cista
712 1989 824 2052 Latini?

152 2074 229 2149 Quid
252 2078 330 2155 quod
354 2085 384 2136 et
404 2077 528 2156 antiquis
549 2092 625 2136 uxor
643 2077 681 2138 de
702 2076 830 2137 moribus
853 2076 896 2138 illi

132 2157 330 2233 ‘Quaeritur'i
356 2175 375 2219 o
396 2158 519 2238 medici,
542 2161 655 2221 nimiam
674 2160 840 2240 pertundite
861 2161 979 2222 venam!

151 2243 282 2304 Delicias
303 2243 439 2305 hominis!
464 2243 619 2324 'larpeinm
640 2245 727 2306 limen
749 2246 839 2306 adora

151 2323 263 2387 Pronus
286 2337 316 2406 et
337 2337 465 2390 auratam
487 2327 587 2390 lunoni
610 2329 703 2390 caede
724 2331 887 2405 iuvencam,

151 2411 183 2469 Si
206 2409 258 2469 tibi
281 2413 437 2488 contigerit
459 2413 562 2490 capitis
583 2421 714 2472 matrona
737 2412 845 2491 pudici.

150 2491 266 2554 Paucae
289 2495 365 2555 adeo
388 2492 505 2554 Cereris
524 2496 610 2554 vittas
632 2498 802 2573 contingere
825 2495 941 2573 dignae,

151 2576 279 2651 Quarum
300 2594 359 2638 non
379 2579 479 2637 timeat
499 2585 584 2656 pater
606 2578 716 2638 oscula.
760 2577 855 2639 Necte
878 2596 1016 2641 coronam

151 2661 286 2722 Postibus
310 2670 341 2722 et
362 2659 470 2722 densos
491 2678 547 2739 per
568 2660 663 2722 limina
686 2662 772 2722 tende
795 2663 966 2742 corymbos!

150 2743 231 2804 Unus
252 2743 409 2806 Hiberinae
430 2747 475 2805 vir
496 2742 625 2807 suflicit?
650 2749 732 2808 ocius
754 2747 826 2810 illud

150 2827 365 2908 Extcrquebis,
389 2839 420 2889 ut
441 2828 517 2890 haec
540 2831 627 2892 oculo
649 2841 784 2893 contenta
807 2834 845 2894 sit
866 2851 934 2892 uno.

150 2910 255 2988 blegna
277 2922 372 2973 tamen
393 2913 468 2974 lama
490 2924 536 2975 est
559 2914 706 2978 cuiusdam
728 2935 795 2976 rure
818 2925 941 2994 paterno

150 2993 304 3056 Viventis?
325 2999 404 3059 vivat
428 2997 544 3073 Gabiis,
571 3008 601 3059 ut
622 3001 694 3060 vixit
715 3002 743 3060 iu
765 3017 848 3077 agro,

149 3078 238 3139 Vivat
259 3079 393 3160 Fidenis,
417 3083 566 3161 stagello
591 3083 665 3144 cedo
687 3092 820 3162 paterno.

151 3161 224 3235 Quis
246 3173 342 3226 tamen
365 3165 503 3243 allirmat,
526 3167 567 3227 nil
589 3176 684 3227 actum
704 3169 732 3227 iu
754 3167 897 3228 montibus
920 3169 1015 3228 autin

151 3247 330 3325 Speluncis?
351 3250 426 3311 adeo
449 3260 608 3310 senuerunt
632 3251 764 3330 luppiter
788 3261 817 3311 et
839 3250 937 3312 hians?

194 3331 394 3417 Porticibusne
419 3333 471 3394 tibi
490 3343 666 3395 monstratur
685 3335 791 3395 femina
815 3343 884 3397 voto
1107 3344 1141 3398 60

150 3413 339 3492 Dignatus?
364 3417 463 3478 cuneis
486 3437 522 3478 an
544 3416 653 3479 habent
675 3417 845 3500 spectacula
867 3421 936 3480 totis

132 3497 237 3576 ,Quod
259 3517 381 3561 securus
403 3519 498 3579 ames,
523 3502 661 3584 quodque
682 3503 748 3565 inde
771 3521 934 3583 excerpere
957 3501 1076 3583 possis?
