2582 3950
202 251 236 314 to
520 263 555 309 o.
579 261 651 309 suu.
672 260 859 310 ruvnnnurs

197 401 301 464 be'otus
324 410 387 462 erat
407 399 505 460 Codro
529 399 653 460 Procula
674 399 782 474 minor,
805 399 919 459 urceoli
942 419 1006 477 serr,
1098 447 1101 456 f

197 486 400 547 Ornamentum
422 483 522 559 abaci,
546 501 602 543 nec
624 500 681 543 non
703 492 732 542 et
750 482 887 560 parvulas
907 483 980 544 inira

197 569 357 631 Gautbarus
381 577 411 629 et
432 565 652 628 recubaus'snb
675 565 779 625 eodem
800 583 943 626 marmore
968 564 1089 626 Chiron·
1137 577 1189 629 tot

196 656 314 733 lamque
337 660 422 713 vetus
446 668 574 727 graecos
595 647 731 709 servabat
754 650 825 709 cista
847 649 976 725 libellos,

196 737 233 798 lit
253 738 349 798 divina
369 737 448 814 opici
469 734 611 795 rodebant
633 733 758 792 earmina
779 750 886 794 mures.

196 821 243 882 Nil
261 820 361 881 babuit
379 817 507 887 Codrum
530 818 595 897 quis
618 817 691 875 enim
711 812 820 892 negat?
844 825 874 877 ct
895 827 992 879 tamen
1012 817 1083 878 illud

196 905 324 966 Perdidit
342 903 444 964 infelix
467 909 556 962 totum
577 899 664 959 nibil:
688 899 803 959 ultimus
823 909 920 961 autem

196 988 361 1049 Aerumnae
378 994 423 1046 est
439 983 586 1060 cumulus,
603 983 681 1062 quod
698 982 802 1043 nudum
818 993 848 1044 et
863 984 956 1047 frusta
971 995 1122 1064 rogantem
1137 996 1189 1048 210

196 1072 289 1132 Nemo
313 1070 397 1144 cibo,
421 1083 506 1128 nemo
529 1067 657 1146 bospitio
677 1075 817 1146 tectoque
835 1069 954 1130 iuvabit.

197 1157 227 1216 st
248 1171 351 1232 magua
373 1151 504 1211 Asturici
527 1151 634 1211 cecidit
657 1152 775 1225 domus,
798 1151 917 1213 horrida
936 1163 1037 1228 mater,

196 1239 300 1299 Pullati
322 1253 481 1315 proceres,
503 1234 600 1294 differt
621 1234 783 1296 vadimonia
803 1245 937 1313 praetem

197 1321 278 1381 'lunc
298 1320 439 1398 gemimus
461 1336 546 1379 casus
567 1318 664 1393 urbis,
682 1327 750 1378 tanc
770 1319 882 1379 odimus
902 1322 1008 1398 ignem.

196 1405 290 1464 Ardet
312 1403 422 1480 adbuc,
446 1411 475 1463 et
498 1404 554 1463 iam
575 1403 701 1462 accurrit
724 1404 1053 1481 quinamentorum,
1136 1413 1188 1465 215

198 1487 339 1548 Conferat
362 1487 523 1565 impensas:
546 1485 594 1546 bic
614 1486 689 1547 nuda
712 1495 742 1546 et
764 1486 885 1548 candida
908 1489 1001 1566 sigua,

196 1572 251 1633 llic
270 1570 379 1650 aliquid
403 1570 585 1649 praeclarum
604 1569 802 1649 Euphranoris
822 1579 852 1630 et
869 1571 1015 1647 Polycliti,

196 1655 277 1715 llaec
300 1653 473 1715 Asianorum
496 1662 597 1714 vetera
619 1662 786 1715 ornamenta
809 1655 940 1730 deornm,

196 1738 250 1799 llic
273 1737 365 1798 libros
388 1737 466 1799 dabit
484 1747 513 1798 et
533 1737 646 1798 forulos
668 1739 851 1817 mediamque
871 1737 1039 1815 Minervam,

196 1822 251 1883 llic
273 1820 400 1882 modium
418 1822 548 1899 argeuti;
569 1822 691 1882 meliora
714 1839 749 1882 ac
769 1820 851 1901 plura
871 1825 989 1900 reponit
1137 1831 1189 1883 220
1282 1857 1283 1900 3

197 1906 333 1966 Persicus
357 1905 494 1965 orborum
515 1905 690 1966 lautissimus
711 1916 740 1965 et
760 1906 862 1965 merito
880 1907 941 1965 iam

199 1991 377 2070 Suspectus,
397 1997 540 2068 tamquam
561 1990 626 2068 ipse
648 2007 715 2050 anas
734 1989 900 2049 incenderit⁴
916 1990 1015 2050 aedes.

198 2075 230 2134 Si
250 2082 336 2151 potes
359 2073 446 2133 avelli
465 2073 664 2149 circensibus,
688 2075 796 2153 optima
814 2073 907 2133 Sorae

197 2157 256 2217 Aut
271 2154 458 2217 Fabrateriae
479 2157 580 2217 domus
602 2165 650 2217 aut
672 2155 833 2216 Frusinone
856 2166 984 2234 paratur,

153 2307 161 2320 ‚
199 2240 304 2315 Quanti
326 2257 401 2300 nunc
423 2241 560 2302 tenebras
582 2259 667 2300 nuum
690 2240 827 2300 conducis
846 2241 875 2298 in
896 2257 1007 2300 annum.
1136 2247 1189 2302 225

198 2323 336 2384 Hortalus
357 2323 405 2384 bic
424 2333 587 2404 puteusque
609 2325 708 2384 brevis
727 2341 783 2382 nee
802 2331 882 2382 reste
901 2319 1060 2383 movendus

198 2409 230 2469 ln
252 2417 356 2468 tenues
371 2407 484 2486 plantas
506 2409 585 2470 dacili
610 2407 773 2468 diffunditur
794 2404 914 2467 bansta:

198 2492 273 2551 Vive
296 2491 421 2551 bidentis
441 2510 539 2554 amans
562 2500 591 2552 et
610 2491 678 2551 culti
710 2491 814 2550 vilicus
833 2489 921 2566 horti,

199 2575 283 2635 Unde
306 2574 422 2654 epulum
445 2578 543 2654 possis
565 2584 678 2635 centnm
699 2575 768 2635 dare
791 2573 992 2652 Pythagoreis.

199 2659 253 2718 Est
273 2658 397 2738 aliquid,
419 2676 600 2737 quocumque
626 2657 711 2732 loco,
736 2675 918 2735 quocumque
940 2673 1073 2730 recessu,
1137 2663 1190 2716 230

199 2742 289 2802 Unius
313 2761 381 2803 sese
405 2742 546 2802 domiuum
567 2740 678 2800 iecisse
701 2740 841 2799 lacertae.

242 2826 382 2886 Plurimus
405 2826 453 2885 bic
475 2843 566 2902 aeger
587 2825 707 2882 moritur
725 2820 890 2899 vigilando;
912 2822 966 2881 sed
988 2821 1080 2899 ipsum

200 2910 382 2988 Languorem
401 2909 518 2987 peperit
537 2907 621 2966 'cibus
641 2906 830 2984 imperfectus
853 2914 883 2965 et
901 2905 1025 2965 haerens

200 2995 323 3055 Ardenti
343 2992 506 3061 stomacho:
529 3009 592 3051 nam
614 3008 689 3069 quae
709 2989 857 3052 meritoria
878 3005 1006 3049 somnum

199 3074 378 3137 Admittunt?
399 3077 509 3152 magnis
530 3073 632 3151 opibus
654 3074 793 3134 dormitur
814 3075 842 3134 iu
862 3074 944 3133 urbe.
1137 3079 1189 3133 235

200 3161 270 3220 lude
294 3167 379 3240 capot
398 3157 508 3227 morbi:
528 3159 661 3218 redarum
683 3158 819 3218 transitus
842 3166 906 3217 arto

199 3244 337 3303 Vicorum
357 3242 464 3302 inllexu
486 3251 515 3302 et
537 3243 636 3302 stantis
658 3242 789 3303 convicia
811 3241 947 3303 mandrae

200 3326 332 3403 Eripieut
353 3343 483 3387 somnum
502 3326 599 3387 Druso
621 3327 777 3404 vitulisque
798 3325 923 3387 marinis.

201 3409 231 3468 Si
254 3418 342 3469 vocat
364 3410 508 3488 cilicium,
529 3410 612 3471 turba
635 3412 759 3472 cedente
781 3410 905 3470 vehetur

200 3490 290 3552 Dives
312 3502 342 3553 et
362 3495 472 3572 ingenti
495 3505 593 3556 curret
611 3514 700 3574 super
722 3512 773 3556 ora
791 3493 928 3571 Liburno,
