2582 3950
503 263 629 312 suarna
648 265 695 312 vr.
1076 252 1117 315 33

126 407 226 486 Atque
247 403 350 464 eadem
376 403 475 464 scruiu
497 401 594 463 Niobe
616 403 770 465 secundior
792 403 867 464 alba.

127 489 213 564 Quae
236 488 306 548 tanti
327 489 474 565 gravitas,
497 505 573 566 qnae
596 487 704 563 forma,
731 496 760 547 ut
781 504 815 547 se
836 487 888 548 tibi
911 505 1028 568 semper

126 566 274 652 lnrpntetl
297 569 380 630 buius
402 572 477 632 eninr
499 571 557 630 reri
579 572 738 649 summique
760 571 897 649 uoluptas

127 655 215 717 Nulla
240 655 325 731 boni,
353 656 469 733 quoties
493 655 586 714 animo
614 664 750 734 corrupta
771 654 900 733 snperbc
1068 666 1120 721 130

127 739 196 801 Plus
227 738 310 801 aloes
345 755 430 816 quarn
450 738 545 799 mellis
568 737 667 799 babet.
706 737 779 812 Quis
801 738 916 800 deditus
939 748 1034 800 autem

128 822 229 905 llsque
251 821 326 883 adeo
351 831 414 897 est,
440 830 551 882 utnon
573 821 669 898 illam,
695 839 779 901 quam
800 821 934 883 laudibus
958 823 1054 902 effert,

127 907 253 967 Horreat
273 906 361 987 inque
383 905 460 966 diem
480 907 612 986 septenis
633 906 730 966 oderit
753 903 857 966 boris?

128 990 278 1065 Quaedam
299 1007 390 1068 parva
410 989 544 1068 quidem,
567 987 622 1049 sed
643 1006 702 1050 non
720 989 873 1050 toleranda
894 992 1013 1052 maritis.

127 1074 200 1134 Nam
223 1073 292 1153 quid
314 1073 476 1149 rancidus,
500 1090 585 1152 qnam
605 1073 683 1152 quod
708 1092 741 1132 se
762 1091 820 1134 non
841 1084 922 1153 putat
943 1075 1003 1136 nlla
1068 1083 1119 1140 185

127 1158 313 1233 Formosam,
338 1157 394 1216 nisi
419 1173 495 1235 quae
519 1155 555 1216 de
577 1155 674 1217 Tusca
697 1154 841 1218 Graecula
862 1158 939 1219 iacta
962 1168 1018 1236 eat,

127 1243 173 1302 De
196 1241 380 1302 Sulm0nensi
401 1257 481 1300 mera
503 1237 667 1318 Cecropis?
690 1243 785 1302 omnia
806 1245 928 1320 praece,

129 1325 222 1401 Quum
244 1325 281 1385 ait
302 1333 386 1403 turpe
408 1325 500 1401 magis
524 1325 632 1385 nostris
651 1325 767 1385 nescire
790 1325 887 1386 latine.

128 1410 192 1471 linc
214 1423 351 1470 sermone
375 1417 498 1488 pavent,
522 1408 580 1469 bne
602 1409 690 1484 bam,
712 1408 833 1486 gandia,
858 1427 953 1485 curas,

127 1493 192 1555 Hoc
213 1501 316 1554 cuncta
338 1489 486 1553 effundunt
507 1493 592 1553 animi
613 1500 745 1553 secreta:
769 1492 838 1571 quid
858 1490 955 1554 ultra?
1069 1503 1119 1558 190

129 1574 330 1638 concumbunt
351 1593 471 1654 graece.
504 1577 606 1637 Dones
627 1585 724 1637 tamen
743 1576 800 1638 iata
821 1576 944 1654 puellis:

128 1660 209 1722 'l'une
232 1661 332 1735 etiam,
357 1676 442 1739 quam
464 1669 565 1720 sextus
588 1670 617 1722 et
640 1662 839 1738 octogesimus
863 1679 953 1722 annus

128 1745 242 1820 Pulsat,
265 1744 359 1805 adbuc
380 1741 512 1821 graece?
533 1762 591 1805 non
615 1752 660 1804 est
681 1743 729 1805 bic
751 1760 847 1804 sermo
869 1745 993 1822 pudicus

127 1829 160 1888 lu
183 1826 292 1888 vetula.
332 1826 456 1899 Quoties
481 1827 622 1888 lascivum
643 1829 800 1888 intervenit
822 1825 893 1887 illud

128 1905 198 1990 Ζωὴ
220 1908 272 1972 acl
295 1903 392 1990 ψυχή,
415 1910 503 1970 modo
525 1909 579 1970 snb
602 1911 700 1970 lodice
721 1910 834 1970 relictis
1067 1923 1117 1978 195

127 1995 226 2057 Uteris
248 1996 278 2055 in
296 1995 394 2064 turba;
419 1995 498 2073 quud
521 1995 596 2054 enim
618 2009 677 2053 nnn
700 1995 810 2054 excitet
832 1995 938 2071 inguen

127 2079 195 2142 Vox
217 2077 325 2139 blanda
348 2087 377 2137 et
398 2075 544 2157 nequam?
566 2077 673 2156 digitos
695 2076 799 2146 bebet;
822 2077 853 2137 ut
871 2086 967 2138 tamen
985 2095 1085 2139 omnes

128 2163 286 2225 Subsident
315 2162 435 2240 pinnae,
458 2162 539 2223 dicas
559 2161 634 2222 haec
651 2161 772 2228 mollius
791 2161 901 2223 Haemo

128 2245 308 2326 Qruamquarn
331 2254 361 2305 et
382 2243 593 2326 Carpophoro,
618 2246 712 2308 iacies
734 2255 782 2306 tua
804 2254 952 2324 computat
974 2263 1089 2308 annua·

171 2330 203 2390 Si
228 2329 281 2391 tibi
303 2329 440 2407 legitimis
461 2341 575 2409 pactam
597 2331 781 2409 innatamque
803 2327 920 2390 tabellis
1067 2343 1119 2396 ano

129 2413 195 2474 Non
216 2432 249 2474 es
274 2421 434 2490 amaturus,
458 2413 583 2474 ducendi
605 2413 683 2475 nulla
707 2413 822 2474 videtur

130 2495 244 2575 Causa,
270 2515 325 2558 nec
348 2507 394 2557 est
434 2514 525 2575 quare
549 2514 672 2557 coenam
695 2505 724 2556 et
745 2504 894 2558 mustacea
916 2499 1024 2576 perdas

128 2579 256 2643 Lubente
279 2580 378 2641 cilicio
402 2580 499 2640 crudis
525 2578 674 2658 donanda,
696 2597 752 2641 nec
774 2579 856 2656 illud,

129 2665 214 2740 Quod
238 2666 328 2744 prima
349 2680 405 2743 pro
428 2673 515 2724 nocte
539 2665 637 2742 datur,
661 2683 746 2744 quum
768 2665 853 2726 lance
875 2664 961 2727 beata

128 2749 253 2810 Deciens
275 2757 304 2810 ct
326 2750 437 2827 scripto
457 2748 551 2810 radiat
571 2747 757 2811 Germanicus
780 2765 860 2811 auro.
1065 2761 1117 2816 205

129 2833 161 2893 Si
184 2832 235 2894 tibi
256 2832 427 2912 simplicitas
448 2833 568 2911 uxoria,
590 2834 704 2895 deditus
724 2835 772 2895 uui

128 2915 182 2977 Est
204 2917 330 2992 animus,
352 2917 495 2981 summitte
518 2927 605 2998 caput
627 2919 744 2980 ceruice
767 2927 868 2996 parata

127 2999 220 3061 Ferre
242 3001 355 3078 ingum3
378 3000 486 3062 nullam
507 3002 654 3077 invenies,
678 3018 752 3079 quae
773 3009 876 3078 parcat
900 3003 1012 3064 amanti.

128 3083 240 3145 Ardeat
260 3085 325 3163 ipsa
346 3082 432 3161 licet,
458 3085 608 3144 tormentis
630 3083 738 3162 ganda
760 3083 880 3145 amantis

128 3166 165 3227 Et
186 3167 307 3246 spolils;
331 3167 419 3246 igitur
442 3168 531 3244 longe
554 3168 646 3228 minus
668 3166 746 3227 utilis
769 3166 811 3226 illi
1063 3180 1116 3232 κιο

129 3249 227 3328 Uxor,
252 3252 382 3330 quisquis
408 3252 463 3312 erit
484 3251 577 3311 bonus
600 3250 804 3330 optandusque
827 3252 955 3313 maritus.

127 3332 175 3396 Nil
197 3352 329 3414 umquam
353 3336 441 3396 invita
463 3334 583 3396 donabis
610 3336 751 3412 coniuge,
776 3335 887 3396 vendes

128 3417 189 3486 Hac
212 3417 345 3480 obstante
367 3417 454 3494 nihii,
479 3415 564 3496 nihil,
588 3419 663 3480 baec
685 3419 710 3478 si
729 3417 826 3496 nolet,
850 3428 976 3489 caretum

128 3499 208 3561 ilaec
229 3500 308 3562 dabit
330 3502 468 3576 affectus,
492 3500 543 3562 ille
568 3503 739 3564 excludatur
760 3502 869 3564 amicus

169 3604 224 3645 mv.
246 3605 307 3645 sar.
928 3585 948 3645 3
