2582 3950
178 261 197 318 4
504 271 539 318 u.
556 272 628 318 ruu.
645 269 832 334 rupcuams

177 409 263 489 Ipsos
286 408 466 487 Troiugenas
490 409 570 486 (nam
592 416 698 467 vexant
720 407 806 466 limen
829 415 858 465 et
880 409 936 484 ipsi
1122 419 1174 470 roo

178 491 369 572 Nobiscum):
393 492 438 552 lla
461 493 606 569 praetori,
630 490 667 550 da
689 491 795 549 deinde
815 490 944 549 tribuno!

179 577 237 636 Sed
260 576 410 636 libertinus
433 577 514 654 prior
536 583 596 634 est:
619 573 720 648 Prior,
743 575 851 651 inquit,
875 591 932 650 ego
955 574 1070 638 adsum:

179 659 238 720 Cur
260 663 374 720 timeam
396 660 561 720 dubitemve
584 659 679 717 locum
699 656 875 732 defendere,
897 660 1025 734 quamvis

178 744 268 804 Natus
289 743 324 804 ad
346 743 536 822 Euphraten,
559 741 664 800 molles
687 741 766 819 quod
787 742 816 799 in
837 758 907 800 aure
928 741 1075 802 fenestrae

178 830 353 904 Arguerint,
377 828 447 887 licet
466 829 532 904 ipse
555 821 681 902 negem?
702 825 755 884 sed
778 827 904 903 quinque
927 821 1066 884 tabernae
1119 837 1170 891 tos

179 911 394 988 Quadringenta
418 919 533 988 parant;
557 909 624 987 quid
647 909 762 968 confert
783 925 911 985 purpura
933 911 1025 968 maior

179 994 359 1074 Optandum,
383 997 409 1053 si
427 993 563 1054 Laurenti
584 993 709 1053 custodit
730 995 759 1050 in
783 1008 855 1068 agro

179 1077 345 1139 Conductas
368 1076 511 1136 Corvinus
535 1093 623 1150 oves,
647 1093 704 1152 ego
726 1075 866 1153 possideo
888 1075 953 1153 plus

178 1162 310 1222 Pallante
333 1171 361 1221 et
382 1157 561 1220 Licinisl-
581 1159 763 1238 Exspectant
786 1174 859 1235 ergo
879 1156 1000 1233 tribuni,

178 1247 302 1306 Vincunt
324 1245 458 1319 divitiae,
480 1261 566 1303 sacro
588 1261 625 1302 ne
650 1243 736 1303 cedat
757 1243 879 1317 honori,
1119 1257 1171 1308 110

178 1329 280 1408 Nuper
301 1331 329 1386 in
348 1328 422 1388 hanc
444 1327 544 1386 urbem
566 1326 688 1406 pedihus
712 1329 760 1404 qui
780 1334 902 1386 venerat
924 1325 1013 1385 albis:

180 1412 419 1490 Quandoquidem
439 1413 513 1470 inter
533 1428 587 1470 nos
611 1412 793 1470 sanctissima
814 1410 975 1470 divitiarum

178 1495 332 1565 Maiestam
357 1497 412 1554 etsi
433 1496 547 1555 funesta
572 1495 696 1573 pecunia
717 1494 828 1573 templo

179 1578 311 1641 Nondum
332 1579 462 1654 habitas,
486 1579 580 1638 nullas
600 1596 778 1638 nummorum
801 1579 947 1638 ereximus
971 1597 1051 1654 aras,

179 1663 217 1723 Ut
240 1663 344 1723 colitur
367 1664 427 1723 Pax
448 1672 535 1740 atque
558 1661 663 1737 Fides,
685 1661 834 1738 Victoria,
856 1662 972 1738 Virtus,
1023 1659 1025 1663 ⁴
1117 1674 1170 1726 115

180 1747 322 1826 Quaeque
344 1747 468 1807 salutato
492 1748 617 1826 crepitat
640 1745 806 1807 Concordia
827 1746 904 1806 nido.

242 1831 301 1891 Sed
324 1849 410 1909 quum
432 1848 556 1890 summus
579 1831 674 1890 honor
696 1832 775 1891 linito
799 1839 948 1908 computet
967 1849 1058 1907 anno,

180 1915 316 1993 Sportula
339 1914 407 1994 quid
429 1915 554 1992 celerat,
576 1924 711 1993 quantum
732 1913 892 1974 rationibus
915 1914 1015 1974 addat:

180 2000 255 2073 Quid
272 1999 380 2059 iacieut
399 2001 536 2075 comites,
556 1999 660 2078 quihus
677 1999 744 2059 hinc
760 2008 846 2075 toga,
863 1997 981 2058 calceus
998 1998 1064 2057 hinc
1082 2010 1128 2058 est
1154 2015 1157 2018 ·

179 2082 217 2142 lit
238 2085 321 2161 panis
343 2082 497 2160 fumusque
519 2081 618 2143 domi?
640 2083 820 2142 Densissima
842 2090 957 2141 centum
1118 2094 1171 2145 lto

180 2165 365 2239 Quadrantes
388 2166 495 2225 lectica
518 2169 605 2245 petit,
629 2169 820 2245 sequiturque
842 2167 972 2224 maritum

180 2249 327 2326 Languida
347 2249 396 2308 vel
418 2267 563 2328 praegnas
587 2259 617 2310 et
639 2249 861 2310 circumducitur
882 2267 965 2308 uxor.

180 2333 234 2393 llic
254 2336 327 2411 petit
349 2333 478 2409 absenti,
502 2343 572 2394 nota
593 2338 648 2394 iam
671 2333 793 2395 callidus
815 2341 896 2408 arte,

181 2415 346 2477 Ostendens
367 2435 488 2477 vacuam
510 2428 539 2478 et
561 2419 689 2480 clausam
711 2435 765 2496 pro
790 2417 915 2493 coniuge
938 2416 1051 2476 sellam.

182 2500 264 2560 Galla
286 2518 350 2561 mea
373 2511 435 2578 est,
457 2504 564 2581 inquit,
587 2504 670 2562 citius
694 2503 816 2568 dimitte;
839 2497 983 2560 moraris?
1120 2512 1171 2564 125

181 2585 285 2644 Profer
308 2583 390 2644 Galla
413 2588 514 2664 caput!
538 2587 598 2647 noli
616 2605 745 2662 vexare,
769 2586 911 2662 quiescet.
927 2621 970 2632 --

181 2667 250 2746 lpse
272 2668 336 2728 dies
358 2669 481 2748 pulchro
503 2671 684 2744 distinguitur
705 2670 806 2728 ordine
827 2685 940 2726 rerum:

183 2752 337 2830 Sportula,
362 2754 467 2813 deinde
489 2754 582 2813 lorum
603 2753 733 2830 iurisque
753 2752 865 2828 peritus
886 2748 995 2827 Apollo

182 2835 280 2914 Atque
304 2836 509 2914 triumphales,
532 2838 606 2894 inter
627 2851 699 2911 quas
721 2852 807 2893 ausus
831 2833 942 2900 hahere

182 2918 292 2978 Nescio
315 2922 379 2998 quis
401 2919 501 2978 titulos
523 2919 688 2995 Aegyptius
710 2927 796 2996 atque
818 2915 1021 2991 Arabarches,
1120 2929 1174 2984 130

183 3001 271 3063 Cuius
294 3004 330 3063 ad
351 3003 478 3078 effigiem
500 3018 557 3061 non
579 3009 685 3060 tantum
704 3003 814 3060 meiere
838 3002 883 3060 ias
906 3009 960 3060 est.

181 3086 342 3147 vestibulis
364 3085 471 3144 abeunt
490 3095 610 3145 veteres
629 3084 757 3165 lassique
782 3085 903 3145 clientes

182 3171 317 3247 Votaque
340 3169 503 3247 deponunt,
527 3188 698 3250 quamquam
720 3171 887 3247 longissima
909 3186 1024 3230 coenae

183 3256 260 3332 Spes
281 3253 402 3321 homini;
425 3253 517 3313 caulis
540 3256 654 3314 miseris
676 3263 762 3335 atque
784 3257 859 3332 ignis
881 3253 1030 3314 emendus.

184 3335 297 3414 Optima
321 3335 455 3396 silvarum
477 3340 588 3399 interea
608 3339 765 3418 pelagique
787 3339 901 3399 vorabit
1121 3348 1172 3402 135

184 3419 250 3479 Rex
271 3420 388 3496 horum,
411 3425 572 3503 vacuisque
594 3425 666 3483 toris
686 3432 793 3484 tantum
814 3425 880 3502 ipse
903 3421 1022 3481 iacebit.

184 3503 256 3564 Nam
279 3505 315 3564 de
337 3513 381 3565 tot
398 3505 529 3584 pulchris
551 3517 580 3566 et
602 3508 666 3567 latis
685 3507 805 3568 orbibus
827 3518 855 3566 et
878 3517 934 3566 tam
