2582 3950
499 230 707 280 PRAEFATIO.
1008 233 1094 282 xxix

119 374 217 430 Iahnius
229 373 308 429 heroo
320 375 428 445 scripsit,
447 375 522 429 tuitus
538 390 593 428 snm
602 375 693 430 idndio.
707 390 730 445 p.
744 377 790 438 14:
801 376 887 430 oedem
897 391 954 432 vero
966 383 1064 432 auctore
1074 392 1096 434 r.

121 462 172 516 106
180 447 300 529 sorbeant
310 473 353 528 pro
372 459 463 512 roem
480 458 582 514 libenter
598 459 722 528 rescripsi,
741 473 788 512 neo
803 475 826 513 v.
837 463 993 517 lle-121
1009 461 1098 515 rectius

119 539 213 596 romuli
223 541 350 596 arbitratus
363 555 425 606 sum,
438 555 510 611 quam
519 549 546 596 ut
563 547 656 596 servato
667 542 752 612 optimi
764 541 853 596 oodiois
863 541 946 596 ordine
956 542 1030 598 lahuii
1041 559 1099 598 oon·

118 627 236 680 tenturam
247 631 294 678 tum
304 623 342 679 vel
350 639 394 694 pro
404 631 460 679 otoo
470 631 519 688 est,
538 624 684 680 Lachmauui
700 624 802 680 moena
813 639 856 695 pro
867 623 1097 696 moereoiperem

119 722 265 779 quamquam
275 708 305 763 de
315 707 412 779 reliquis
422 722 453 761 ne
462 705 487 762 hi
498 707 593 778 quidem
605 709 674 777 plane
690 707 750 763 mihi
760 708 934 764 satisfecerunt.
963 707 1014 764 Neo
1024 716 1097 776 certe,

118 791 185 862 quod
202 807 227 844 a.
241 796 291 848 121
302 805 333 846 ex
342 792 422 861 priore
432 789 495 846 Pith.
507 804 580 846 manu
597 791 759 852 retinuerunt.
776 792 824 846 iam
834 791 906 847 hoino
916 793 1100 848 oorreotorimo

117 890 164 930 suo
180 876 271 929 moon
288 881 394 930 mutasse
410 874 516 938 udenu,
533 889 581 945 quo
601 874 697 928 demum
716 875 780 929 teoto
799 875 861 930 iusta
878 889 935 930 cum
944 877 1099 946 sequentibus
1178 875 1181 882 '

119 959 230 1013 iunctura
241 972 284 1026 per
294 958 460 1029 gradationem
471 958 585 1019 seruitum
595 972 673 1028 neque
683 965 709 1012 ot
720 959 750 1012 ad
760 973 816 1012 nave
826 959 916 1014 referre
925 960 1004 1030 magis
1015 959 1098 1015 dubito

118 1055 191 1111 quam
203 1039 287 1096 Cicero
304 1040 421 1096 dubitavit
432 1039 503 1096 otto.
519 1042 541 1095 Ι.
552 1045 587 1100 39
597 1041 685 1112 aliique
696 1041 759 1110 apud
768 1040 846 1096 Periz.
858 1042 888 1098 ad
904 1039 986 1097 Senot
998 1059 1023 1112 p.
1037 1047 1096 1111 985,

118 1123 207 1194 quihus
223 1123 284 1178 adde
299 1125 420 1180 comicum
435 1125 498 1195 apud
514 1123 606 1180 Charis.
625 1139 650 1194 p.
667 1128 735 1186 aad:
752 1125 847 1195 spurios
864 1131 945 1182 auwm
960 1127 1099 1198 priusquam

116 1207 230 1280 singulos
241 1222 325 1262 versus
344 1208 460 1274 Iudicem,
479 1207 553 1264 totius
569 1209 617 1264 iooi
635 1214 745 1263 tenorem
761 1209 784 1263 in
797 1209 1097 1278 disceptationemvocem

94 1361 99 1370 '
117 1305 192 1361 pem
203 1291 238 1345 sio
247 1292 352 1347 maxime
361 1292 447 1348 vellem
457 1292 519 1362 apud
529 1292 657 1363 probatum
666 1297 754 1346 testem
764 1291 879 1362 soripenm
891 1292 1003 1350 inveniri:

203 1373 293 1429 ideirco
315 1383 343 1431 ot
362 1375 459 1448 lipposa
476 1382 621 1432 menone
636 1376 808 1447 metopium

200 1459 298 1528 possis·
317 1459 576 1533 &mandantque
586 1466 689 1530 estpars
697 1459 884 1530 pessinuntem.

116 1541 146 1597 V.
160 1544 212 1600 143
222 1541 299 1598 oceo
309 1541 418 1607 eodinus,
435 1543 534 1598 denseo
551 1543 648 1598 Iahnius
659 1558 681 1597 o.
693 1541 843 1608 Hammeum,
859 1542 946 1598 blanda
955 1543 1044 1613 speeie,
1056 1545 1099 1599 sed

115 1631 213 1695 praeter
222 1627 404 1694 necessitatem,
416 1640 491 1697 quum
501 1625 612 1681 lecticam
623 1627 696 1680 etiam
707 1626 810 1682 eonduoi
818 1626 915 1680 solitam
930 1640 984 1680 esse
993 1625 1033 1680 tu.
1046 1628 1098 1683 352

115 1710 242 1782 legamus3
253 1724 331 1780 neque
341 1709 400 1766 illud
410 1709 504 1774 obstat,
515 1708 579 1781 quod
589 1708 709 1766 Naevolns
719 1725 778 1766 mos
791 1709 935 1764 metatorem
945 1717 971 1764 et
981 1710 1098 1780 pictorem

116 1793 265 1848 domesticos
281 1792 370 1850 habero
386 1794 465 1865 oupit3
485 1792 510 1848 hi
527 1793 591 1848 enim
607 1793 731 1848 dominum
749 1793 816 1848 alunt
829 1793 909 1863 potius
927 1808 1000 1864 quam
1017 1794 1046 1848 ab
1057 1794 1098 1849 illo

116 1877 225 1939 almon.
245 1876 360 1933 lecticarii
376 1877 453 1934 multo
470 1878 563 1932 minore
579 1876 687 1947 impensa
705 1877 871 1932 oooduountur
886 1891 958 1948 quam
974 1877 1039 1932 domi
1056 1892 1098 1947 pa-

115 1964 225 2014 aetrnum.

202 2041 487 2103 normannos
501 2044 682 2116 qnodiooeure
692 2057 749 2098 enm
759 2042 833 2107 libris,
849 2057 897 2098 uon
911 2042 1098 2116 oumiiaduigio

116 2133 143 2179 et
150 2125 231 2180 delanio
238 2127 342 2182 inomao
351 2129 443 2197 scripsi,
454 2129 547 2185 Vindio.
554 2144 579 2197 p.
588 2131 622 2186 16
629 2127 737 2198 pluribus
746 2126 892 2184 undioatum
898 2133 949 2189 est;
961 2125 1098 2201 ibidemque

116 2226 140 2264 v.
152 2201 265 2286 seojrtm
275 2225 318 2281 pro
329 2217 385 2266 eost
398 2218 423 2266 et
433 2227 456 2268 u.
468 2215 519 2270 365
530 2211 594 2267 adest
605 2226 648 2280 pro
658 2210 729 2266 iodea
739 2211 864 2268 Pithooani
880 2217 947 2266 certe
956 2211 1099 2268 auctoritate

116 2293 230 2358 deiendi3
242 2295 345 2350 eundem
359 2301 502 2350 tamenutu.
509 2297 544 2353 to
554 2294 673 2350 indiuiduo
684 2302 725 2350 aut
735 2312 758 2350 v.
766 2299 801 2354 93
810 2300 912 2366 napaeis
921 2293 1049 2349 scribendo
1060 2311 1099 2349 se-

116 2392 211 2448 querer,
222 2377 334 2434 neladmii
341 2379 437 2451 paridem
443 2380 580 2448 exemplum
586 2379 669 2442 movit,
681 2393 757 2433 neov.
766 2380 817 2436 art
825 2379 852 2432 io
859 2381 1099 2448 emerentiane

116 2461 212 2533 roprdeo
223 2461 280 2518 huio
291 2463 542 2520 coneedendomdusi.
560 2460 732 2517 Proiodioidto
742 2462 790 2516 iam
798 2458 1099 2517 seouudamanuso'adieioa

116 2545 230 2610 muttit,
241 2561 287 2600 neo
297 2547 367 2602 facile
377 2547 507 2618 intelligas,
522 2543 743 2616 quomododeiator
753 2543 812 2598 alios
821 2549 943 2613 praeterea
954 2544 1048 2600 dedices
1058 2547 1099 2600 ad·

116 2628 213 2695 dibeat,
229 2631 270 2700 qni
288 2646 338 2686 non
352 2645 410 2686 mox
426 2629 519 2684 maeno
534 2629 631 2683 nomine
648 2624 893 2697 comprehendantur;
910 2627 1002 2684 iodieio
1019 2636 1098 2684 autem

116 2727 175 2767 oum
185 2712 282 2768 tentibm
293 2715 373 2769 innota
392 2715 439 2769 dno
455 2714 494 2768 iila
514 2712 682 2783 probationum
696 2725 786 2782 genera
799 2711 922 2779 rsiemnt‚
936 2719 1100 2784 morderes

115 2790 242 2863 bats'zvoo
255 2805 279 2852 et
288 2789 402 2865 ἀτέχνου
413 2790 569 2857 πιστόσεως
580 2794 704 2852 venabulis
714 2794 899 2865 descripserunt,
912 2796 1036 2867 multoque
1044 2812 1099 2867 pro·

116 2879 202 2934 olivior
212 2894 226 2934 a
235 2879 319 2953 quidus
330 2882 360 2937 ad
370 2880 488 2936 iodioidoo
504 2881 585 2952 lapsus
596 2881 654 2944 init,
673 2894 745 2951 marn
761 2878 885 2935 dietarium
896 2879 926 2935 ab
936 2879 1055 2934 &didere
1069 2883 1099 2936 ad

115 2963 217 3018 doctum
233 2963 292 3018 illud
306 2965 449 3020 inclinium
465 2965 592 3020 discrimen
609 2964 730 3020 aberrasse
746 2971 934 3018 comanorum
949 2964 989 3018 sit.
1024 2965 1052 3021 V.
1065 2969 1100 3024 93

115 3053 242 3119 dapmnum
252 3047 398 3118 Caprearum
415 3063 499 3119 rupem
509 3049 551 3120 qui
561 3049 722 3118 seripserunt,
739 3047 840 3102 ironiam
851 3055 1015 3120 captaverunt,
1027 3064 1100 3119 pam

117 3137 198 3186 nmen
215 3145 293 3202 neque
310 3132 434 3188 inomao
444 3131 561 3188 voeabrdo
576 3146 655 3204 neque
669 3132 694 3187 in
711 3149 783 3204 prope
793 3129 913 3188 Chaldaeo
929 3133 1099 3204 agrecium

116 3213 207 3285 exigna
218 3215 294 3286 igitur
303 3217 437 3272 mutatione
448 3231 504 3272 eom
510 3214 634 3286 Reperio,
649 3215 909 3280 Heinsiohio,Wehero
919 3224 1022 3290 utputo
1032 3233 1099 3287 prae-

116 3297 177 3360 tuli.
198 3299 262 3369 quod
282 3300 355 3354 etiam
371 3300 423 3355 sine
433 3300 565 3355 multorum
581 3300 692 3355 oodionm
709 3300 846 3357 adiumento
858 3301 996 3358 eonieotura
1006 3301 1099 3373 asseqrd

116 3380 219 3444 lioebat;
236 3383 367 3454 eademque
377 3397 448 3440 causa
459 3390 496 3438 est
506 3399 529 3438 v.
541 3384 758 3454 prorumpat
767 3384 815 3441 iuro
825 3385 897 3442 simili
909 3386 960 3442 dus
971 3386 1045 3442 errori
1056 3386 1099 3440 tri·

116 3463 180 3530 buo,
192 3465 233 3537 qui
242 3468 315 3523 etiarn
326 3482 349 3522 v.
361 3472 403 3526 36.
415 3466 449 3525 et
460 3475 516 3538 post
522 3474 656 3540 paueren
667 3475 692 3522 et
701 3467 821 3525 edinen
832 3470 1034 3541 praepositionem
1044 3484 1099 3540 per·

116 3563 199 3618 peram
214 3551 323 3613 intrusit:
334 3551 413 3607 solum
426 3559 491 3607 certe
498 3551 627 3607 ablativum
640 3551 664 3606 in
679 3553 730 3622 pari
742 3554 920 3610 oomtnrotione
931 3552 1047 3608 habemus
1058 3551 1098 3612 Vi,
