2582 3950
201 257 236 317 10
523 265 559 312 n.
582 263 653 311 run.
676 260 861 310 rnvnnsnrs

196 405 233 468 Et
254 413 369 466 contum
390 411 419 465 et
441 404 543 481 Stygio
565 419 650 463 ranas
673 402 701 460 in
720 400 838 477 gurgite
857 400 965 477 nigras,
1025 439 1028 444 -
1138 411 1192 465 rso

196 491 293 570 Atque
318 507 373 549 una
394 487 517 548 transire
539 486 643 548 vadum
663 493 707 544 tot
728 483 807 544 milia
836 481 950 560 cymba,

195 575 260 636 Nec
279 574 362 653 paeri
386 571 517 647 credant,
537 571 592 630 nisi
614 567 806 648 qainondam
827 583 897 627 aare
918 563 1058 627 lavantur.

197 659 257 720 Sed
277 667 308 718 tu
325 674 397 716 vera
418 663 501 734 pata:
525 650 629 713 Curius
650 651 719 730 quid
741 651 830 710 sentit
851 659 882 710 et
896 649 981 710 ambo

196 741 368 819 Scipiadae,
382 739 461 817 ·quid
482 735 632 799 Fabricius
652 749 811 813 manesque
834 731 960 810 Camilli,

196 824 272 899 Quid
294 820 453 884 Cremerae
472 821 553 897 legio
575 828 604 879 et
626 815 733 879 Cannis
752 827 922 896 consumpta
942 819 1085 896 iuventtis,
1137 831 1189 884 155

196 907 253 968 l'ot
272 906 418 967 bellorum
443 906 572 978 animae,
595 903 712 981 quoties
736 901 804 961 binc
825 901 891 962 talis
912 901 950 962 ad
971 901 1039 962 illos

196 990 304 1051 Umbra
321 985 420 1050 venit?
443 994 585 1064 cuperent
602 985 731 1060 inomni,
756 985 779 1045 si
797 1002 854 1063 qna
868 986 1006 1046 darentur

195 1074 310 1136 Suliura
334 1091 397 1132 cum
424 1070 533 1144 taedis,
569 1076 600 1128 et
633 1071 657 1128 si
676 1069 754 1128 ieret
774 1068 889 1130 humida
907 1069 1015 1130 laurus.

195 1157 286 1234 illac,
309 1155 383 1230 beu,
405 1153 504 1214 miseri
526 1152 714 1214 traducimur!
737 1152 825 1213 Arma
849 1152 964 1232 quidam
987 1154 1061 1214 ultra

196 1239 293 1302 Litora
313 1237 458 1300 Iubernae
479 1238 676 1315 promovimus
698 1245 728 1296 et
749 1237 836 1298 modo
860 1246 960 1316 captas
1137 1249 1190 1304 too

198 1323 328 1384 Orcadas
350 1339 385 1382 ac
405 1321 518 1381 minima
541 1328 694 1381 contentos
717 1330 803 1381 nocte
826 1317 993 1396 Britanniam

196 1407 257 1467 Sed
276 1423 351 1484 qnae
374 1423 449 1465 nunc
470 1405 572 1484 populi
590 1405 659 1464 bont
680 1404 801 1464 victoris
822 1405 851 1464 in
872 1403 956 1480 urbo,

196 1490 262 1551 Non
283 1489 390 1550 iaciunt
410 1489 470 1566 illi,
494 1505 568 1567 quos
585 1489 717 1549 vicimus.
761 1487 799 1548 lit
818 1497 915 1550 nmen
937 1501 1010 1549 unus

197 1573 353 1634 Armenius
375 1573 500 1634 Zalaces
523 1573 634 1632 cunctis
654 1581 786 1633 narratur
804 1571 929 1652 ephebis

196 1654 314 1717 Mollior
335 1657 448 1716 ardenti
469 1673 537 1716 sesa
559 1656 715 1716 indulsisse
736 1657 861 1717 tribuno.
1137 1665 1188 1719 165

196 1739 328 1820 Aspice,
349 1738 417 1819 quid
438 1738 545 1801 iaciant
568 1741 758 1802 commercia!
779 1749 902 1801 venerat
923 1735 1028 1814 obses;

196 1823 251 1884 llic
270 1823 339 1885 liunt
360 1823 503 1884 homines.
547 1823 620 1884 llam
642 1826 666 1884 si
687 1840 769 1886 mora
790 1825 905 1902 longior
927 1823 1028 1884 urbem

196 1905 317 1968 indulsit
338 1909 454 1986 pueris,
476 1923 535 1968 non
557 1927 690 1988 umquam
713 1909 808 1970 deerit
830 1917 956 1982 amator3

195 1988 343 2052 liittentur
362 1991 505 2069 braccae,
530 1992 659 2069 cultelli,
681 1993 782 2068 bena,
801 1988 964 2070 flagellum:

196 2074 246 2134 Sic
269 2084 471 2154 praetextatos
492 2073 623 2136 referunt
645 2076 784 2138 Artaxata
802 2090 910 2136 mores.
1137 2084 1189 2141 lto

606 2283 788 2293 ..Q-..-

528 2435 855 2507 SATIRAIII.

197 2541 341 2646 Quamvis
361 2577 495 2654 digressu
515 2577 626 2638 veteris
648 2577 786 2637 confusus
808 2577 902 2652 amici,

196 2656 427 2738 laudatam,
449 2663 550 2722 vacuis
569 2658 648 2739 qnod
670 2659 771 2718 sedem
792 2659 884 2736 ligere
908 2655 1004 2718 Cumis

196 2739 330 2804 Destinet
353 2753 440 2823 atquc
461 2763 546 2804 annm
570 2743 663 2802 civem
683 2741 793 2802 donare
814 2739 957 2816 Sibyllae.

195 2823 283 2886 lanua
308 2825 440 2888 Baiarum
460 2836 505 2888 est
526 2835 555 2886 et
574 2833 686 2902 gratum
707 2824 774 2884 litas
796 2825 909 2884 amoeni

196 2909 358 2982 Secessus;
382 2927 439 2988 ego
460 2909 510 2970 vel
533 2907 705 2982 Prochytam
726 2923 877 2986 praepono
900 2907 1042 2969 Suburae.
1171 2923 1187 2973 5

195 2991 268 3053 Nam
291 2993 358 3073 quid
380 3001 437 3053 tam
458 2993 612 3067 miserum,
633 2997 690 3052 tam
713 2991 807 3052 solum
825 2993 964 3070 vidimus,
988 3001 1094 3052 utnon

195 3075 334 3138 Deterius
355 3076 460 3136 credas
482 3075 604 3136 borrere
627 3074 776 3153 incendia,
799 3076 898 3156 lapsus

196 3159 353 3221 Tectorum
377 3159 509 3218 assiduos
531 3176 567 3218 ac
588 3158 668 3219 mille
690 3160 823 3240 pericula
847 3177 953 3221 saevae

195 3241 284 3302 Urbis
306 3250 335 3301 et
357 3241 490 3319 Augusto
512 3243 669 3305 recitantes
690 3262 792 3305 mensa
815 3241 940 3322 poetas?
1279 3289 1280 3304 r

196 3324 257 3386 Sed
275 3323 340 3385 dum
359 3333 419 3386 tota
442 3327 543 3388 domas
564 3328 636 3390 reda
659 3329 840 3408 componitur
861 3345 929 3404 una,
1153 3339 1186 3390 10

196 3408 329 3470 Substitit
352 3409 388 3470 ad
406 3419 525 3474 veteres
547 3431 632 3474 arcus
653 3410 853 3490 madidamque
878 3408 1035 3491 Capenam.

195 3489 266 3572 llic,
287 3492 338 3554 ubi
355 3503 513 3558 noctumao
536 3495 627 3557 Numa
650 3492 843 3556 constituebat
865 3495 987 3572 amicae,
