2582 3950
493 261 617 308 sumna
638 262 689 310 111.
1046 255 1085 314 15

92 402 156 462 Res
181 410 301 479 angusta
323 401 414 468 domi:
438 401 490 461 sed
512 398 622 460 Romae
645 399 743 461 durior
764 401 822 461 illis
1034 417 1085 471 165

94 484 240 547 conatus:
261 501 366 562 magno
389 484 546 562 hospitium
568 484 753 561 miserabile,
776 502 881 562 magno

80 572 252 630 'Servorum
273 577 409 643 ventres,
434 576 463 627 et
481 567 560 645 frugi
580 567 704 628 coenula
724 585 840 645 magno.

91 651 245 713 Fictilibus
267 668 394 714 coenare
416 651 522 731 pudet,
547 652 625 730 quod
646 661 731 730 turpe
751 652 871 729 negabit

92 736 263 797 Translatus
285 735 380 796 subito
397 733 434 795 ad
455 733 569 796 blarsos
590 753 778 815 mersamque
800 735 948 797 Sabellam

93 818 315 898 Contentusque
329 819 390 879 illic
412 827 520 879 veneto
539 819 671 898 duroque
691 819 816 880 cucullo.
1031 829 1085 885 170

92 904 164 965 Pars
185 920 288 980 magna
309 902 410 963 ltaliae
434 911 496 989 est,
517 904 541 962 si
563 920 663 963 verum
684 903 872 978 admittimus,
894 904 922 962 in
944 923 999 982 qua

91 987 185 1048 Nemo
206 997 305 1063 togam
326 987 425 1062 sumit,
448 987 504 1044 nisi
524 994 662 1046 mortuus.
708 986 775 1065 lpsa
795 987 904 1046 dierum

91 1071 246 1132 Festorum
266 1069 398 1130 herboso
421 1069 526 1134 colitur
545 1071 569 1129 si
591 1071 706 1148 quaudo
727 1069 842 1129 tbeatro

91 1154 246 1230 Maiestas,
268 1155 444 1232 tandemque
464 1155 540 1214 redit
562 1155 598 1214 ad
618 1154 728 1232 pulpita
750 1162 847 1213 notum

91 1237 251 1314 Exodium,
274 1255 359 1316 quum
382 1254 529 1316 personae
551 1237 688 1317 pallentis
710 1238 816 1298 hiatum
1033 1249 1084 1303 175

90 1322 123 1382 ln
144 1323 257 1400 gremio
277 1321 377 1381 matris
398 1320 535 1382 formidat
555 1322 681 1381 rusticos
702 1322 812 1381 inians:

91 1405 242 1484 Aequales
263 1403 379 1466 babitus
400 1404 461 1465 illic
483 1405 652 1484 similesque
674 1403 789 1466 videbis

93 1488 280 1550 orchestram
303 1498 332 1548 et
353 1488 507 1569 populum;
533 1488 603 1549 clari
625 1489 760 1549 velamen
779 1487 900 1549 bononis

93 1573 244 1633 Sufficiunt
264 1574 379 1654 tunicae
401 1573 518 1634 summis
539 1571 682 1634 aedilibus
702 1571 796 1633 albae.

92 1655 145 1724 llic
164 1656 238 1716 ultra
260 1656 340 1716 vires
363 1657 477 1718 babitus
498 1657 587 1726 nitor;
606 1657 654 1717 bic
674 1657 781 1736 aliquid
802 1658 868 1735 plus
1032 1669 1083 1722 180

93 1740 183 1814 Quam
211 1739 281 1799 satis
305 1749 351 1800 est
371 1740 513 1802 interdum
535 1741 631 1801 aliena
653 1742 772 1802 sumitur
794 1759 872 1801 area.

94 1822 250 1884 Commune
274 1823 302 1883 id
323 1825 421 1884 vitium
445 1833 507 1893 cst:
548 1823 598 1884 bic
618 1827 741 1892 vicimus
763 1824 915 1888 ambitiosa

92 1907 266 1985 Paupertate
291 1923 408 1978 omnes;
446 1907 514 1984 quid
535 1917 564 1966 te
587 1905 706 1968 moror?
728 1909 822 1967 omnia
845 1907 955 1968 Romae

94 1988 164 2051 Gum
184 1991 290 2069 pretio.
334 1991 409 2065 Quid
432 1991 501 2065 das,
524 2001 554 2050 ut
577 1988 700 2051 Cossum
722 1991 876 2069 aliquando
899 1989 1029 2052 salutes?

92 2073 130 2134 Ut
152 2082 182 2133 te
203 2075 341 2153 respiciat
362 2074 461 2134 clauso
483 2072 609 2134 Veiento
632 2070 764 2134 labello?
1031 2086 1082 2140 185

91 2157 145 2217 Ille
168 2158 249 2217 metit
269 2157 405 2233 barbam,
428 2157 537 2217 crinem
558 2157 607 2218 hic
629 2159 749 2236 deponit
770 2159 867 2219 amati:

92 2241 180 2301 Plena
204 2241 305 2301 domus
324 2241 391 2301 libis
412 2240 581 2311 venalibus3
601 2243 705 2321 accipe
727 2251 757 2302 et
780 2243 855 2302 istud

91 2323 274 2385 Fermentum
297 2325 347 2385 tibi
369 2324 461 2385 habe:
483 2334 635 2404 praestare
658 2325 764 2386 tributa
786 2325 912 2384 clientes

94 2406 230 2486 Cogimur
252 2417 281 2468 et
304 2408 389 2468 cultis
413 2426 523 2484 augere
545 2408 662 2487 peculia
684 2409 788 2468 servis·

134 2490 206 2565 Quis
226 2492 307 2552 timet
329 2500 378 2550 aut
399 2492 491 2552 timuit
512 2493 610 2569 gelida
632 2491 793 2552 Praeneste
811 2492 931 2569 ruinam,
1032 2503 1083 2558 190

92 2575 150 2635 Aut
173 2575 279 2652 positis
298 2590 454 2635 nemorosa
477 2575 552 2635 inter
573 2576 639 2653 iuga
661 2574 817 2653 Volsiniis,
840 2586 888 2636 aut

93 2655 286 2736 Simplicibns
301 2657 416 2734 Gabiis,
438 2667 487 2719 aut
507 2661 591 2736 proni
613 2657 730 2720 'liburia
750 2658 839 2721 arce?

92 2740 152 2800 Nos
172 2741 274 2802 urbem
298 2742 418 2802 colimus
440 2744 518 2803 tenui
540 2742 658 2803 tibicine
680 2743 780 2804 fultam

92 2823 194 2902 Magna
214 2833 296 2903 parte
319 2827 378 2895 soi;
403 2844 467 2887 nam
487 2828 530 2887 sic
552 2827 717 2888 labentibus
740 2827 836 2890 obstat

93 2908 203 2968 Vilicus
227 2917 273 2988 et,
295 2912 406 2971 veteris
427 2913 518 2972 rimae
541 2929 626 2990 quum
648 2913 721 2972 texit
742 2913 857 2989 blatum,
1031 2922 1081 2976 195

94 2992 222 3053 Securos
243 2992 390 3072 pendente
414 2994 493 3055 iubet
516 2995 643 3055 dormire
665 2997 755 3055 ruina.

93 3074 253 3136 vivendum
276 3076 419 3154 estillic,
442 3079 491 3138 ubi
508 3079 586 3139 nulla
607 3079 754 3154 incendia,
777 3079 847 3140 nulli

93 3157 187 3218 Nocte
207 3169 310 3220 metus.
354 3160 414 3222 lam
431 3165 528 3241 poscit
550 3179 671 3240 aquam,
696 3164 752 3223 iam
773 3163 879 3224 frivola
899 3164 1038 3225 transfert

95 3241 261 3319 Ucalegon,
284 3244 412 3306 tabulata
434 3245 486 3305 tibi
506 3247 562 3306 iarn
584 3248 669 3307 tertia
692 3246 815 3308 fumant:

95 3325 135 3385 Tu
155 3328 266 3396 nescis;
289 3345 353 3389 nam
376 3331 401 3388 si
421 3329 559 3406 gradibus
577 3330 739 3408 trepidatur
760 3330 796 3391 ab
818 3331 892 3408 imis,
1029 3341 1081 3394 2⁰0

94 3407 214 3470 Ultimus
235 3411 364 3486 ardebit,
388 3431 473 3492 quem
494 3413 594 3492 tegula
614 3414 677 3475 sola
699 3423 795 3476 tuetur

93 3491 118 3552 Α
141 3492 257 3572 pluvia,
278 3495 383 3556 molles
405 3495 453 3556 ubi
474 3497 597 3558 reddunt
619 3514 674 3558 ova
695 3497 857 3558 columbae.
