2590 3946
497 234 623 282 snutnn
644 235 693 282 XI.

104 373 184 433 lanc
206 371 285 434 rudis
307 379 335 430 et
357 367 458 430 Graias
483 375 579 433 mirari
601 373 718 442 nescius
741 381 819 434 artes

104 455 228 516 Urbibus
252 453 363 514 eversis
385 454 558 531 praedarum
579 456 609 516 in
631 465 714 534 parte
735 466 853 534 reperta

104 537 272 616 llagnorum
295 535 437 597 artificum
458 537 612 615 frangebat
632 538 740 617 pocnla
759 540 854 616 miles,

105 621 141 682 Ut
160 620 289 700 phaleris
312 619 455 697 gauderet
480 638 571 699 equus
598 620 770 700 caelataque
793 625 884 682 cassis

9 701 10 728 ¹
104 704 264 764 Romuleae
287 703 441 764 simulacra
465 705 548 766 ierac
571 721 779 765 mansuescere
806 707 903 766 iussae

104 788 220 867 lmperii
244 787 322 861 fato,
345 788 477 864 geminos
498 787 552 848 sub
574 805 647 866 rupe
670 786 816 864 Quirinos,

9 931 10 944 p
105 873 149 931 Ac
172 872 275 931 nudam
296 870 423 947 effigiem
447 871 544 949 clipeo
566 872 709 933 venientis
729 880 759 931 et
780 870 863 932 basta

104 954 318 1033 Pendentisque
344 953 390 1013 dei
416 955 544 1032 perituro
568 954 736 1016 ostenderet
761 953 847 1014 hosti.

105 1037 253 1098 l'onebant
275 1039 362 1114 igitur
386 1036 483 1097 'lusco
504 1038 612 1098 farrata
631 1039 742 1105 catino;

104 1121 226 1196 Argenti
251 1121 428 1197 quoderat,
451 1119 523 1180 solis
546 1121 679 1198 fulgebat
700 1122 729 1179 in
750 1122 848 1182 armis.

105 1202 205 1265 Omnia
226 1213 310 1279 tunc,
335 1202 437 1281 quibus
458 1203 604 1279 invideas,
629 1207 654 1264 si
677 1203 811 1265 lividulus
832 1205 883 1262 sis.

104 1285 292 1365 l'emplorum
312 1303 429 1365 quoque
449 1288 585 1348 maiestas
608 1289 792 1366 praesentior
813 1296 843 1347 et
863 1303 923 1346 vox

103 1369 198 1430 Nocte
221 1369 284 1429 iere
305 1369 398 1430 media
420 1368 599 1448 mediamque
622 1370 716 1431 audita
737 1389 791 1449 per
812 1370 923 1446 urbem,

103 1452 201 1513 Litore
225 1452 260 1512 ab
282 1452 392 1512 Oceani
414 1451 503 1514 Gallis
522 1454 705 1514 venientibus
728 1465 758 1515 et
779 1453 823 1514 dis

105 1535 238 1596 Oiiicium
260 1539 333 1596 vatis
353 1537 576 1615 peragentibus:
598 1537 644 1597 bis
667 1539 775 1598 monuit
794 1554 859 1612 nos,

9 1641 10 1648 ¹
104 1617 185 1680 llauc
210 1620 300 1680 rebus
321 1618 407 1679 Latiis
431 1638 529 1682 curam
553 1630 705 1700 praestare
727 1620 844 1682 solebat

103 1701 216 1763 Fictilis
243 1713 272 1763 et
293 1701 373 1762 nullo
399 1702 524 1764 violatus
547 1703 679 1783 luppiter
701 1722 782 1765 auro.

102 1785 159 1846 Illa
182 1785 258 1846 domi
279 1795 360 1846 natas
384 1795 541 1864 nostraque
569 1805 607 1846 ex
629 1787 733 1847 arbore
756 1803 871 1847 mensas

105 1868 251 1949 Tempora
273 1869 419 1937 viderunt3
442 1869 496 1928 bos
517 1869 625 1947 lignum
649 1869 744 1930 stabat
765 1868 802 1930 ad
823 1887 902 1944 usus,

9 1975 10 1978 ¹
104 1953 253 2012 Annosanr
275 1955 299 2012 si
321 1951 398 2013 iorte
417 1969 521 2013 nucem
544 1952 694 2013 deiecerat
716 1970 812 2012 eurus.

104 2036 145 2095 At
167 2053 242 2096 nuno
267 2034 402 2096 divitibus
424 2036 564 2096 coenandi
586 2035 663 2097 nulla
681 2035 828 2114 voluptas,

9 2121 10 2170 3
105 2117 155 2178 Nil
175 2118 330 2194 rhombus,
357 2118 397 2178 nil
419 2118 502 2180 dama
523 2121 614 2198 sapit,
637 2128 740 2198 putere
761 2119 894 2179 videntur

104 2201 259 2279 Unguenta
286 2211 373 2280 atque
395 2219 497 2279 rosae,
519 2202 595 2262 latos
614 2205 669 2262 nisi
690 2205 813 2265 sustinet
836 2202 924 2263 orbes

106 2283 220 2346 Grande
243 2285 315 2345 ebur
337 2295 366 2344 et
389 2303 492 2363 magno
516 2285 653 2347 sublimis
667 2288 773 2367 pardus
796 2286 884 2362 biatu,

103 2367 247 2428 Dentibus
273 2388 310 2428 ex
335 2368 409 2444 illis,
433 2379 507 2447 quos
528 2371 611 2429 mittit
630 2379 715 2449 porta
735 2372 848 2444 Syenes

105 2450 144 2510 llt
165 2450 256 2512 llauri
280 2452 396 2512 celeres
421 2462 450 2512 et
471 2451 569 2511 Mauro
595 2452 748 2514 obscurior
765 2452 862 2528 lndus,

106 2532 145 2593 llt
172 2553 247 2612 quos
271 2535 407 2614 deposuit
428 2534 578 2597 Nabataeo
601 2535 699 2596 bellua
721 2536 806 2610 saltu,

106 2617 166 2677 lam
188 2619 290 2678 nimios
312 2621 457 2697 capitique
474 2636 590 2696 gravas.
628 2618 700 2679 llinc
725 2621 817 2696 surgit
841 2621 950 2695 orexis,

106 2701 180 2761 llinc
197 2701 347 2762 stomacho
371 2703 465 2771 vires;
490 2720 553 2762 nam
576 2720 631 2781 pes
653 2712 807 2781 argenteus
831 2702 899 2777 illis,

9 2811 10 2820 ¹
106 2784 237 2845 Annulus
261 2787 289 2844 in
316 2784 405 2862 digito
429 2787 507 2865 quod
532 2786 656 2847 ferreus.
695 2785 775 2864 Ergo
798 2785 954 2864 superbum

108 2864 266 2928 Convivam
290 2886 401 2944 caveo,
425 2871 474 2946 qui
495 2888 541 2930 me
562 2869 616 2929 sibi
639 2877 788 2947 comparet
810 2877 841 2929 et
861 2888 910 2928 res
1040 2879 1089 2931 130

106 2949 242 3030 Despicit
266 2953 396 3028 exigvras.
431 2952 516 3012 Adeo
538 2953 617 3014 nulla
641 2954 723 3012 uncia
744 2950 827 3010 nobis

9 3043 10 3068 ¹
107 3033 161 3094 list
183 3034 281 3094 eboris
304 3053 360 3094 nco
382 3035 522 3095 tessellae
547 3053 601 3096 neo
627 3034 755 3095 calculus
780 3053 819 3093 ex
842 3035 897 3094 bac

9 3115 10 3166 l
106 3115 246 3194 blateria,
268 3120 335 3198 quin
359 3120 423 3197 ipsa
447 3118 593 3180 manubria
617 3116 798 3178 cultellorum

9 3231 10 3238 κ
107 3198 216 3269 Ossea;
241 3211 416 3262 nontamen
444 3200 488 3261 bis
514 3200 572 3260 ulla
595 3219 728 3279 umquam
749 3201 871 3263 obsonia
895 3201 963 3262 liunt

9 3281 11 3312 '
106 3281 287 3360 Rancidula‚
315 3284 451 3346 antideo
479 3285 563 3362 peior
586 3283 693 3362 gallina
719 3294 845 3346 secatur.
1037 3293 1092 3346 135·

9 3401 10 3408 κ
106 3366 167 3427 Sed
190 3385 246 3428 nec
269 3377 396 3429 eductor
423 3369 496 3444 erit,
522 3369 567 3428 cui
592 3367 699 3428 cedere
725 3368 831 3429 debeat
852 3370 943 3428 omnis

105 3447 247 3528 longule,
271 3449 431 3530 discipulus
454 3449 596 3530 l'rypberi
618 3450 763 3528 doctoris,
786 3451 863 3530 apud
889 3467 973 3529 quem
