2582 3950
180 249 199 309 2
511 263 546 309 n.
565 263 636 310 run.
656 262 841 311 1uvu1rsnrs

179 401 320 463 Patricius
342 418 442 461 omnes
466 399 571 478 opibus
594 417 678 478 quum
700 410 844 479 provocet
863 420 951 478 uuus,

181 483 247 558 Quo
269 482 406 544 tondente
428 484 527 560 gravis
549 485 644 543 iuveni
666 483 733 543 mihi
755 483 846 545 barba
869 485 1004 554 sonabat:
1133 497 1171 550 2⁵

181 566 273 640 Quum
295 585 365 647 pars
386 566 517 627 Niliacae
543 566 656 646 plebis,
685 584 770 645 quum
791 585 880 629 verna
903 567 1014 648 Canopi

181 649 347 730 Crispinus,
370 649 472 725 Tyrias
494 649 616 713 humero
638 659 796 713 revocante
820 651 971 729 lacernas,

180 731 310 794 Ventilet
332 734 473 794 aestivum
495 733 591 811 digitis
614 733 782 794 sudantibus
805 753 920 811 aurum,

180 817 243 878 Nec
267 817 390 878 sufferre
412 825 500 895 queat
519 817 638 877 maioris
660 818 790 915 pondera
811 836 959 895 gemmae:

178 901 307 963 Difficile
332 909 377 961 est
398 902 514 962 satiram
534 917 592 960 uon
614 899 756 961 seribere.
794 901 866 961 Nam
886 905 950 981 quis
973 904 1087 982 iniquae
1131 915 1169 968 30

179 984 249 1045 'lam
270 986 385 1065 patiens
403 982 499 1059 urbis,
523 992 580 1046 tam
602 983 733 1060 terrore,
757 994 906 1061 utteneat
926 1004 976 1063 se,

180 1067 326 1130 causidici
348 1084 423 1127 nova
446 1083 532 1144 quarn
553 1068 652 1127 veniat
673 1067 778 1129 lectica
800 1067 957 1129 Mathonis*

178 1153 267 1213 Plena
289 1153 370 1231 ipso;
391 1159 459 1229 post
480 1151 556 1211 hunc
579 1153 674 1230 magni
696 1151 810 1213 delator
832 1153 915 1213 amici

177 1236 215 1296 Et
236 1237 293 1295 cito
317 1242 450 1313 rapturus
473 1234 509 1294 de
531 1233 682 1295 nobilitate
703 1253 821 1296 comesa

178 1318 263 1392 Quod
280 1325 429 1397 superest,
444 1335 530 1396 quem
541 1317 638 1378 blaesa
653 1320 744 1395 timet,
761 1337 846 1398 quem
861 1336 979 1380 munere
995 1320 1093 1400 palpat
1130 1331 1167 1384 35

178 1400 270 1461 Carus
293 1411 323 1461 et
345 1420 360 1461 a
380 1401 496 1480 trepido
519 1400 660 1477 Thymele
683 1404 834 1464 summissa
854 1402 968 1471 Latium

178 1488 270 1559 Quum
292 1493 322 1545 te
345 1494 561 1561 summoveant,
584 1487 633 1563 qui
654 1494 825 1548 testamenta
845 1496 992 1547 merentur

179 1567 337 1644 Noctibus,
359 1569 388 1628 in
411 1568 525 1628 coelum
548 1585 623 1648 quos
647 1569 745 1630 evehit
766 1571 873 1650 optima
897 1572 996 1630 summi

176 1652 259 1712 Nunc
278 1653 325 1713 via
345 1668 520 1730 processus,
542 1652 659 1714 vetulae
680 1655 779 1715 vesica
799 1650 925 1715 beatae?
1275 1703 1276 1726 2

175 1735 328 1796 lJuoiolam
350 1734 520 1796 Proculeius
543 1735 647 1813 habet,
670 1738 723 1798 sed
747 1736 824 1798 Gillo
846 1738 1002 1814 deuncem,
1130 1750 1166 1804 40

176 1819 278 1880 Partes
302 1819 427 1898 quisque
450 1836 535 1895 suas,
558 1820 593 1880 ad
616 1839 778 1882 mensuram
800 1822 925 1900 inguinis
944 1821 1041 1883 heres.

176 1903 311 1981 Accipiat
332 1919 403 1963 sane
425 1903 592 1964 mercedem
613 1907 762 1982 sauguinis
784 1914 815 1965 et
836 1906 880 1965 sic

175 1986 306 2062 Palleat,
329 1995 360 2047 ut
379 1986 462 2048 nudis
486 1990 594 2066 pressit
614 1991 662 2068 qui
685 1988 814 2050 calcibus
838 1999 977 2066 anguem,

175 2071 234 2130 hut
254 2069 476 2148 Lugdunensem
498 2070 599 2132 rhetor
620 2073 747 2134 dicturus
770 2073 805 2133 ad
828 2072 920 2134 aram!

176 2154 251 2228 Quid
272 2152 414 2231 releram,
438 2163 545 2234 quanta
567 2157 677 2216 siccans
697 2158 778 2216 iecur
794 2157 895 2217 ardeat
916 2158 973 2232 ira,
1130 2166 1165 2220 tt

176 2236 268 2311 Quum
284 2237 424 2315 populum
443 2239 585 2316 gregibus
607 2241 742 2304 comitum
763 2241 868 2318 premit
886 2240 934 2300 hio
956 2239 1100 2319 spoliator

174 2320 279 2400 Pupilli
301 2323 475 2400 prostantis,
500 2332 530 2384 et
551 2323 598 2383 hic
621 2323 768 2390 dannatus
789 2325 865 2383 inani

173 2403 284 2465 ludioio
308 2405 391 2484 (quid
415 2408 490 2466 enirn
512 2407 601 2467 salvis
624 2407 738 2467 iniamia
759 2404 916 2486 nummisi)

173 2486 249 2547 Exul
282 2489 317 2550 ab
347 2498 450 2552 octava
471 2489 579 2551 diarius
598 2490 670 2550 bibit
692 2499 722 2551 et
742 2491 844 2551 iruitur
866 2490 910 2550 dis

173 2571 271 2631 iratis:
295 2581 323 2632 at
343 2581 373 2632 tu
392 2575 498 2634 victrix
520 2575 669 2653 provincia
690 2575 806 2654 ploras!
1128 2587 1165 2639 5ο

172 2653 254 2715 haec
275 2672 332 2733 ego
355 2675 413 2717 non
433 2656 549 2717 credam
569 2657 716 2718 Venusina
737 2659 822 2736 digna
839 2653 981 2719 lucerna?

172 2738 254 2798 Haec
275 2756 332 2817 ego
355 2759 412 2801 non
433 2736 563 2818 agitem?
586 2741 638 2800 sed
658 2741 724 2819 quid
745 2744 838 2820 magis
859 2739 1028 2817 Heracleas,

173 2823 230 2882 Aut
252 2822 446 2900 Diomedeas,
471 2832 519 2883 aut
541 2825 677 2901 mugitum
710 2823 864 2900 labyrinthi

172 2905 210 2966 Et
230 2925 310 2967 mare
332 2923 504 2987 percussum
526 2923 618 2985 puero
639 2907 809 2986 labrumque
829 2908 992 2984 volantem,
1276 2961 1277 2990 ,

173 2989 266 3064 Quum
288 2991 357 3052 leno
377 2992 503 3069 accipiat
523 2992 639 3052 mocohi
660 2991 752 3069 bona,
774 2995 798 3052 si
821 2991 953 3072 capiendi
1125 3002 1162 3056 55
1276 2991 1277 3056 l

172 3073 219 3134 lus
242 3075 350 3136 nullum
374 3076 473 3149 uxori,
498 3073 601 3136 doetus
624 3086 762 3155 spectare
786 3075 919 3152 lacunar,
1276 3075 1277 3116 ἓ

169 3158 283 3218 Doctus
305 3156 392 3218 etad
414 3157 537 3220 calicem
560 3160 690 3238 vigilanti
712 3169 839 3221 stertere
858 3176 944 3228 naso:

170 3241 265 3315 Quum
287 3241 331 3301 ias
352 3257 419 3301 esse
439 3251 523 3321 putet
545 3261 642 3304 euram
664 3261 784 3324 sperare
808 3244 953 3320 cohortis,

171 3324 227 3398 Qui
249 3323 326 3384 bona
350 3323 469 3404 donavit
489 3327 683 3408 praesepibus
705 3337 736 3388 et
757 3338 838 3390 caret
859 3328 934 3388 omni

168 3405 309 3467 Malorum
332 3425 439 3486 censu,
464 3411 530 3473 dum
553 3412 689 3492 pervolat
711 3431 766 3474 axe
787 3414 877 3473 citato
1112 3379 1162 3474 Ι60

168 3489 335 3570 Flaminiam
356 3511 429 3573 puer
451 3494 651 3567 Automedon;
670 3515 735 3558 nam
756 3497 820 3558 lora
840 3494 958 3556 tenebat
