2582 3950
190 165 231 228 36
535 177 571 224 n.
594 179 666 228 run.
690 179 879 230 tovuusms
917 167 922 171 ’

187 312 331 375 Hannibal
352 322 383 374 et
404 322 516 375 stantes
541 312 657 378 (lobina
681 326 761 377 turre
784 314 886 374 mariti.

187 396 271 456 Nunc
295 398 420 475 patimur
441 397 549 478 longae
573 403 655 478 pacis
678 396 765 465 mala;
789 397 907 456 saevior
929 397 1014 456 annis

186 479 312 540 Luxuria
334 481 464 544 incubuit
484 486 649 561 victumque
671 479 822 540 ulciscitur
844 479 955 540 orbem.

188 561 303 624 Nullum
327 567 437 628 crimen
459 567 543 628 abest
563 564 734 641 facinusque
756 561 899 638 libidinis,
924 581 962 624 ex
982 580 1039 642 quo

187 646 347 726 Paupertas
371 649 501 712 Romana
522 649 612 727 perit:
638 646 704 705 binc
726 645 810 706 duxit
831 647 868 708 ad
889 649 962 708 istos
1127 657 1179 713 uos

186 730 225 791 lit
246 731 369 809 Sybaris
392 734 504 808 colles,
526 731 593 790 binc
615 739 646 789 et
667 728 790 790 Rhodos
813 739 844 790 et
865 729 983 793 Miletos

186 815 286 894 Atque
309 827 476 880 coronatum
496 822 525 874 et
546 812 681 890 petulans
702 810 903 894 madidumque
926 813 1090 876 Tarentum.

187 898 281 962 Prima
301 901 474 981 peregrinos
497 895 627 956 obscena
650 899 775 977 pecnnia
795 914 892 958 mores

186 983 298 1060 Intulit,
322 993 356 1044 et.
370 983 446 1059 turpi
467 981 620 1059 inegerunt
640 982 742 1044 secula
764 982 834 1042 luxu

185 1066 312 1127 Divitiae
332 1063 446 1126 molles.
481 1061 557 1138 Quid
584 1067 660 1128 enim
679 1066 779 1127 Venus
802 1066 883 1128 ebria
910 1065 1012 1127 curati
1125 1078 1179 1132 300

186 1148 314 1227 Inguinis
337 1157 366 1208 et
387 1149 490 1227 capitis
514 1167 591 1229 quae
613 1152 671 1210 sint
693 1150 874 1227 discrimina,
898 1152 1008 1227 nescit,

187 1233 311 1294 Grandia
334 1249 409 1311 quae
430 1231 534 1292 mediis
556 1234 612 1295 iarn
633 1233 767 1294 noctibus
790 1243 888 1294 ostrea
911 1234 1035 1312 mordet,

187 1314 281 1389 Quum
303 1317 422 1394 perlusa
444 1333 526 1378 mero
547 1328 679 1397 spumant
698 1327 845 1395 unguenta
865 1317 1003 1396 Falerno,

186 1398 281 1473 Quum
300 1399 407 1461 bibitur
430 1400 558 1478 concha,
587 1417 674 1481 quum
697 1403 754 1462 ianr
775 1402 919 1480 uertigine
940 1411 1048 1478 tectum

185 1481 322 1544 Ambulat
346 1493 377 1544 et
397 1486 520 1563 geminis
543 1488 674 1563 exsurgit
696 1502 797 1545 mensa
821 1485 958 1546 lucernis.
1124 1494 1176 1548 305

184 1567 199 1628 1
219 1585 295 1627 nunc
317 1576 348 1628 et
370 1568 482 1645 dubita,
508 1585 564 1647 qua
586 1570 707 1630 sorbeat
728 1586 798 1630 aera
820 1587 909 1630 sanna

187 1649 298 1728 Pallia,
322 1653 391 1731 qnid
413 1652 491 1714 dicat
511 1662 599 1714 notae
622 1653 767 1714 collactea
787 1651 921 1730 marae,

184 1733 284 1796 llaura
305 1734 463 1798 Pudicitiae
484 1745 616 1799 veterem
638 1755 724 1817 quum
745 1739 885 1816 praeterit
906 1754 995 1798 aram.

184 1817 327 1879 Noctibus
350 1819 399 1881 bic
421 1830 531 1900 ponunt
553 1820 690 1898 lecticas,
716 1822 881 1882 micturiunt
899 1822 947 1882 bio

184 1901 380 1984 Effigiemque
404 1904 478 1966 deae
502 1905 599 1984 longis
625 1904 795 1986 siphonibus
817 1905 937 1984 implent
1122 1913 1176 1967 310

184 1985 276 2065 lnque
298 1989 381 2049 vices
403 1991 534 2067 equitant
554 2007 590 2050 ac
611 1990 679 2051 luna
700 1998 777 2050 teste
798 1997 966 2056 merentum

183 2069 254 2132 lnde
276 2070 377 2131 domos
400 2072 521 2134 abeunt:
546 2083 576 2134 tu
600 2075 697 2135 calcas
718 2072 786 2133 luce
808 2090 929 2134 reversa

187 2150 327 2232 Coniugis
347 2157 457 2218 urinam
480 2154 738 2236 magnos'visums
761 2157 882 2217 amicos.

0 2237 1 2270 ³
48 2293 53 2302 ,
184 2236 261 2300 Nota
282 2237 382 2300 Bonae
403 2249 522 2303 secreta
543 2240 643 2317 Deae,
665 2257 751 2319 qoam
770 2238 840 2301 tibia
865 2240 980 2302 lumbos

184 2322 287 2382 Incitat
309 2331 339 2382 et
360 2340 450 2386 cornu
472 2326 581 2404 pariter
602 2326 729 2403 vinoque
753 2323 885 2386 feruntur
1119 2331 1174 2402 olo
1289 2301 1290 2339 ³

184 2405 333 2468 Attonitae
357 2411 524 2487 crinemque
546 2418 641 2472 rotant
661 2406 832 2487 ululantque
852 2408 948 2487 Priapi

185 2488 357 2560 Naenades;
384 2511 402 2553 o
426 2503 548 2572 quantus
571 2503 639 2553 tunc
657 2491 717 2552 illis
738 2491 989 2562 mentibusmrdor

186 2571 364 2636 Concubitus
372 2583 386 2652 ,¹
407 2593 482 2654 quae
504 2593 564 2636 vor
586 2575 709 2635 saltante
730 2575 864 2652 libidine,
887 2585 1010 2653 quantus

184 2657 239 2718 llle
260 2660 332 2719 meri
352 2660 462 2719 veteris
485 2676 540 2737 per
561 2675 645 2717 crura
668 2657 811 2717 madentia
833 2658 964 2718 torrens!

184 2741 331 2802 benorum
351 2740 472 2802 ancillas
492 2742 587 2819 posita
612 2740 730 2801 Saufeia
752 2756 861 2801 corona
1121 2753 1175 2806 300

184 2825 330 2886 Provocat
351 2843 386 2886 ac
406 2823 484 2885 tollit
505 2825 657 2903 pendentis
678 2824 806 2904 praemia
828 2841 933 2900 coxae,
957 2873 964 2880 ,

184 2908 253 2987 lpsa
275 2907 451 2969 Medullinae
474 2908 590 2969 lluctum
609 2908 757 2970 crissantis
775 2908 891 2970 adorat:

185 2992 310 3052 Palmam
328 2993 403 3053 inter
424 2993 553 3053 dominas
575 2994 666 3054 virtus
687 2994 829 3054 natalibus
849 3001 964 3072 aequat.

184 3074 233 3135 Nil
253 3075 292 3134 ibi
315 3093 369 3154 per
392 3077 488 3138 ludum
510 3078 703 3146 simulabitur;
725 3079 818 3138 omnia
840 3079 909 3139 ient

186 3158 231 3219 Ad
253 3178 369 3237 uerum,
394 3161 497 3241 quibus
519 3163 633 3223 incendi
654 3164 710 3222 iam
732 3161 854 3240 frigidus
877 3178 951 3222 aevo
1093 3199 1098 3204 -
1121 3169 1173 3223 305
1287 3169 1288 3172 ’

185 3243 446 3308 Laomedontiades
470 3255 500 3308 et
521 3245 654 3307 Nestoris
676 3245 777 3307 bercia
799 3248 903 3324 possit.

187 3326 268 3388 Pun‘c
290 3331 410 3408 prurigo
431 3346 531 3391 morae
553 3330 721 3410 impatiens,
744 3337 802 3390 tum
833 3330 940 3391 femina
959 3327 1095 3408 simplex,

184 3410 229 3472 Ac
246 3413 357 3492 pariter
375 3423 436 3475 toto
457 3415 600 3494 repetitus
622 3413 732 3477 clamor
752 3414 788 3475 ab
810 3425 909 3476 antro:
