2582 3950
503 285 538 329 D.
560 283 631 330 IUN.
654 281 840 329 mvnrtffls

511 515 746 582 SATIRA
787 516 833 581 Π.

180 633 266 732 Ultra
287 665 471 725 Sauromatas
492 661 597 738 lugere
620 661 687 722 binc
708 661 781 722 libet
802 669 831 721 ct
852 659 1008 740 glacialem
1115 716 1119 724 .

179 751 343 827 Oceanum,
366 749 480 828 quoties
503 746 611 825 aliquid
632 748 669 807 de
688 746 818 807 moribus
835 747 962 822 audent,
1141 747 1144 752 ’

179 836 235 910 Qui
256 831 359 895 Curios
381 830 513 892 simulant
535 840 565 890 et
579 829 777 892 Bacchanalia
798 831 906 890 vivunt.

177 919 290 980 lndoeti
314 918 447 996 primum:
471 931 642 994 quamquam
664 915 752 993 plena
774 915 867 974 omnia
889 931 985 992 gypso

180 1002 337 1081 Chrysippi
359 999 504 1066 inveniam
525 1015 589 1058 nam
607 998 838 1077 perfectissimus
860 998 962 1058 borum
980 1008 1043 1076 est,
1151 1014 1168 1065 5

180 1088 291 1166 Siquis
315 1082 496 1144 Aristotelen
525 1081 647 1142 similem
667 1082 716 1142 vel
738 1081 869 1143 Pittacon
890 1082 972 1156 emit,

178 1169 217 1232 Et
235 1170 315 1230 iubet
336 1167 514 1245 archetypos
535 1167 663 1245 pluteum
685 1183 805 1226 servare
827 1163 993 1226 Cleanthas.

178 1253 295 1315 Frontis
317 1251 395 1311 nulla
415 1249 506 1318 ddes;
527 1251 591 1328 quis
613 1251 689 1310 enim
708 1266 765 1310 nou
786 1251 869 1310 viarm
890 1248 1015 1311 abundat

179 1337 321 1398 Tristibus
344 1330 504 1395 obscenis?
532 1335 659 1412 castigas
679 1335 788 1413 turpia,
811 1351 897 1414 quum
920 1334 960 1392 sis

178 1421 257 1482 luter
279 1419 448 1480 Socraticos
467 1419 617 1478 notissima
638 1418 720 1480 iossa
743 1417 892 1493 cinaedos.
1132 1428 1167 1481 10
1277 1389 1278 1436 3

176 1503 298 1583 Hispida
318 1502 447 1563 membra
469 1502 585 1580 quidem
608 1511 637 1562 et
658 1502 748 1562 durae
768 1519 822 1580 per
842 1500 962 1563 brachia
983 1509 1064 1562 setae

178 1587 347 1648 Promittunt
369 1596 499 1647 atrocem
521 1587 659 1655 animum;
682 1586 735 1646 sed
755 1585 864 1665 podice
881 1585 940 1644 levi

179 1669 346 1731 Caeduntur
365 1670 490 1730 tumidae
512 1669 628 1730 modico
651 1670 764 1730 ridente
786 1671 938 1731 mariscae.

178 1755 272 1815 Rarus
290 1771 386 1814 sermo
409 1752 468 1812 illis
489 1763 519 1814 et
537 1771 640 1832 magna
662 1752 753 1814 libido
774 1752 890 1814 tacendi

178 1838 275 1916 Atque
295 1837 453 1916 supercilio
475 1837 595 1897 brevior
617 1855 710 1898 coma.
741 1837 847 1897 Verius
870 1853 942 1913 ergo
1133 1845 1167 1898 15

178 1920 215 1982 Et
235 1923 327 1999 magis
349 1923 474 1998 ingenue
496 1920 693 1990 Peribomius;
715 1921 792 1982 bunc
815 1935 871 1997 ego
894 1919 959 1980 latis

177 2006 306 2084 Imputo,
327 2007 374 2084 qui
395 2005 474 2065 vultu
497 2003 627 2065 morbum
645 2007 820 2084 incessuque
841 2004 956 2065 latetur.

177 2089 286 2149 Horum
306 2089 475 2166 simplicitas
497 2088 689 2164 miserabilis,
709 2088 755 2148 his
776 2088 857 2148 furor
876 2089 940 2166 ipse

177 2173 235 2233 liat
254 2173 382 2238 veniam:
404 2172 455 2232 sed
479 2174 614 2250 peiores,
637 2175 686 2252 qni
707 2173 776 2234 talin
796 2171 897 2232 verbis

177 2255 314 2316 lleronlis
336 2255 471 2316 invadunt
494 2266 523 2316 et
545 2257 582 2316 de
602 2258 708 2317 virtute
730 2256 820 2316 locuti
1129 2263 1166 2316 20

179 2337 300 2400 Clunem
322 2341 439 2416 agitant.
469 2339 534 2417 Ego
556 2351 586 2400 te
609 2349 779 2414 caventem,
803 2338 912 2413 Sexte,
934 2333 1082 2398 verebor?

177 2423 294 2483 lniamis
314 2421 443 2483 Varillus
465 2425 518 2491 ait:
542 2441 599 2501 quo
622 2424 752 2484 deterior
774 2419 827 2481 te?

177 2506 352 2585 boripedenr
372 2516 471 2567 rectus
494 2508 642 2583 derideat,
665 2505 842 2584 Aethiopem
863 2505 961 2567 albus:

178 2589 250 2663 Quis
272 2589 372 2650 tulerit
392 2589 542 2653 Gracchos
564 2592 601 2652 de
624 2590 768 2650 seditione
791 2585 973 2669 querentes?

178 2672 250 2746 Quis
273 2673 388 2734 coelum
407 2677 493 2735 terris
514 2691 571 2734 non
590 2675 712 2734 misceat
733 2683 763 2733 et
783 2691 862 2733 mare
886 2672 989 2746 coelo,
1132 2679 1168 2734 ii

178 2757 209 2815 Si
230 2758 277 2817 iur
294 2756 456 2837 displiceat'
468 2758 570 2832 Verri,
593 2757 738 2817 homicida
759 2755 874 2832 Miloni,

179 2837 299 2901 Clodius
323 2850 442 2901 accuset
464 2839 623 2916 moecbos,
647 2837 769 2900 Catilina
792 2837 972 2915 Cethegum,

178 2923 209 2983 ln
231 2924 356 2986 tabulam
377 2925 478 2986 Sullae
499 2926 524 2983 si
547 2923 642 2984 dicant
661 2923 795 3003 discipuli
818 2918 901 2983 tres'i

178 3006 280 3080 Qualis
302 3017 365 3068 erat
386 3026 479 3086 nuper
500 3008 613 3083 tragico
636 3007 764 3086 pollutus
786 3007 900 3068 adulter

180 3089 357 3168 Concubitu,
380 3093 428 3169 qui
449 3100 517 3151 tunc
538 3090 623 3168 loges
646 3091 805 3152 revocabat
827 3107 938 3153 amaras
1132 3097 1169 3151 3⁰

178 3173 316 3236 Omnibus
340 3185 426 3252 atque
449 3175 521 3252 ipsis
541 3174 652 3236 Veneri
670 3174 813 3254 blartique
835 3173 995 3249 timendas,

178 3257 271 3332 Quum
291 3265 333 3317 tot
355 3257 494 3318 abortivis
513 3258 666 3320 iocundam
685 3259 757 3319 lulla
779 3260 893 3319 vulvam

178 3340 317 3401 Solveret
336 3349 366 3399 et
387 3348 490 3419 patruo
512 3341 622 3403 slmiles
643 3343 806 3404 effunderet
828 3341 911 3402 offas.

177 3423 280 3484 Nonne
302 3424 388 3500 igitur
410 3425 473 3484 iure
495 3444 530 3486 ao
551 3428 655 3488 merito
675 3428 745 3488 vitia
766 3427 864 3487 ultima
887 3425 971 3485 fictos

178 3505 370 3566 Contemnunt
391 3509 518 3570 Scauros
541 3518 569 3570 et
590 3513 731 3591 castigata
748 3505 937 3573 remordenti
1133 3514 1168 3566 35
