2590 3946
497 239 623 287 Sarma
645 240 722 288 vm.

133 382 329 461 Incertaeque
353 379 413 455 rei,
438 377 568 440 Phalaris
591 379 661 450 licet
684 380 809 459 imperet
832 388 863 440 ut
884 379 924 441 sis

132 465 240 526 Pulsus
263 473 292 524 et
315 463 432 524 admoto
461 461 551 522 dictet
574 464 702 541 periuria
727 474 821 540 tauro,

135 550 282 610 Summum
310 546 400 608 crede
427 545 510 606 neias
533 548 654 606 animam
679 546 833 625 praeferre
857 546 964 626 pudori

133 631 175 694 Iit
199 639 322 710 propter
346 632 434 690 vitam
455 629 573 689 vivendi
593 629 722 709 perdere
746 648 858 691 causas.

134 716 249 794 Dignus
269 723 362 775 morte
385 715 478 793 perit,
502 721 609 798 coenet
631 713 702 773 licet
724 723 822 774 ostrea
846 723 960 775 centum
1092 723 1126 777 85

136 799 270 860 Gaurana
296 807 326 858 et
353 796 452 858 Cosmi
475 805 537 856 toto
562 807 711 873 mergatur
733 815 817 858 aeuo.

134 881 316 962 Exspectata
343 882 391 941 diu
414 879 530 942 tandem
554 883 705 959 prouincia
727 901 813 962 quum
835 892 864 942 te

135 966 296 1026 Rectorem
321 967 463 1044 accipiet,
487 981 564 1043 poue
584 967 645 1025 irae
670 965 752 1026 irena
776 965 961 1045 modumque,

135 1051 217 1110 Pone
242 1057 272 1109 et
294 1049 449 1124 avaritiae,
472 1049 616 1107 miserere
638 1050 755 1127 inopum
778 1051 945 1110 sociorum:

136 1131 213 1193 Ossa
230 1132 314 1194 videa
337 1150 434 1193 rerum
458 1132 560 1191 vacuis
582 1141 703 1191 exsucta
726 1133 871 1194 medullis.
1091 1140 1127 1195 9⁰

135 1215 283 1295 Respice,
309 1215 378 1295 quid
400 1224 535 1276 moneant
556 1214 658 1292 leges,
682 1216 758 1294 quid¹
774 1218 854 1278 curia
873 1216 1000 1292 mandet,

134 1300 269 1360 Praemia
291 1307 396 1379 quanta
420 1299 515 1359 bonos
537 1308 688 1376 maneant,
714 1318 799 1379 quam
817 1299 935 1362 fulmine
958 1302 1034 1359 iusto

135 1383 174 1444 Et
197 1382 302 1463 Capito
330 1392 359 1443 et
382 1381 514 1443 Numitor
536 1384 662 1458 ruerint,
687 1383 839 1445 damnante
862 1393 974 1459 senatu,

134 1467 251 1528 Piratae
280 1465 412 1527 Cilicum.
454 1467 513 1527 Sed
536 1467 604 1546 quid
629 1467 772 1527 damnatio
797 1464 934 1528 coniertl

135 1551 333 1628 Praeconem,
356 1548 542 1630 Chaerippe,
565 1551 621 1610 tuis
644 1553 838 1630 circumspice
861 1552 973 1631 pannis,
1095 1551 1129 1606 95

136 1633 231 1708 Quum
253 1635 347 1694 Pausa
370 1635 490 1713 eripiat,
518 1633 657 1713 quidquid
681 1634 732 1694 tibi
754 1635 840 1697 Natta
861 1634 990 1714 reliquit,

134 1717 255 1796 lamque
279 1727 360 1788 tace;
383 1719 464 1779 iuror
489 1726 535 1777 est
556 1727 624 1796 post
648 1721 744 1779 omnia
766 1720 893 1798 perdere
918 1716 1042 1779 naulum.

134 1800 202 1862 Non
223 1801 300 1861 idem
321 1802 446 1879 gemitus
471 1802 539 1862 olim
562 1819 660 1881 neque
682 1802 785 1862 vulnus
813 1812 874 1864 erat
896 1820 950 1880 par

135 1884 333 1963 Danaorum,
359 1887 447 1946 sociis
470 1885 642 1947 florentibus
665 1894 694 1945 et
716 1886 802 1946 modo
826 1886 920 1944 victis.

134 1970 226 2030 Plena
251 1969 354 2030 domus
376 1979 444 2029 tunc
466 1971 573 2045 omnis,
598 1971 752 2045 elingens
774 1968 869 2030 stabat
890 1985 1012 2028 acervus
1076 1979 1127 2030 100

135 2053 339 2130 Nummorum,
365 2053 508 2140 Spartana
531 2052 677 2129 chlamys,
705 2052 858 2129 conchylia
880 2049 951 2131 Ocu,

135 2135 175 2197 Et
198 2155 265 2196 cum
287 2135 431 2198 Parrhasii
453 2136 560 2198 tabulis
585 2137 734 2214 signisque
759 2135 888 2213 Myronis

135 2220 315 2280 Phidiacum‘
324 2221 443 2281 vivebat
465 2220 556 2296 ebur,
587 2237 643 2280 nec
666 2237 723 2280 non
744 2220 880 2296 Polycliti

136 2302 243 2363 blultus
268 2303 376 2382 ubique
399 2303 499 2372 lab0r;
525 2321 609 2364 rarae
632 2305 695 2363 sine
715 2303 849 2364 Mentore
871 2321 999 2364 mensae.

136 2385 207 2447 lude
232 2385 409 2448 Dolabellae
432 2397 519 2466 atque
543 2386 610 2446 binc
633 2387 793 2464 Antonius,
817 2387 883 2447 inde
1075 2395 1126 2448 105

137 2469 308 2547 Sacrilegus
332 2469 444 2531 Verres
466 2471 636 2531 referebant
663 2471 783 2531 navibus
806 2471 871 2530 altis

136 2550 260 2612 Occulta
282 2553 377 2631 spolia
400 2563 429 2613 et
450 2554 551 2633 plures
573 2554 610 2614 de
634 2572 709 2634 pace
731 2553 900 2632 triumphos.

136 2634 221 2695 Nunc
242 2639 330 2696 sociis
355 2639 423 2716 iuga
446 2656 539 2718 pauca
560 2638 667 2715 boum,
694 2657 769 2718 grex
791 2655 899 2717 paruus
922 2654 1058 2716 equarum

136 2717 174 2778 Et
197 2729 283 2798 puter
307 2724 428 2781 armenti
450 2732 536 2802 capto
559 2724 698 2801 eripiatur
723 2723 834 2800 agello,

136 2801 196 2879 Ipsi
222 2802 329 2863 deinde
350 2803 457 2880 Lares,
481 2807 505 2865 si
529 2805 607 2884 quod
631 2807 796 2885 spectabile
819 2808 941 2882 signum,
1076 2815 1127 2868 110

137 2886 169 2946 Si
196 2887 262 2965 quis
287 2888 316 2945 iu
338 2887 471 2948 aedicula
494 2889 567 2948 deus
589 2891 704 2960 unicus;
730 2890 806 2951 hacc
830 2891 936 2949 etenim
958 2897 1023 2948 suut

136 2967 193 3030 Pro
220 2971 355 3045 summis,
378 2990 442 3030 narn
466 2981 532 3032 sunt
555 2972 630 3032 baec
653 2975 786 3034 maxima.
823 2971 979 3049 Despicias
1002 2979 1032 3029 tu

136 3051 271 3114 Forsitan
293 3052 429 3115 imbelles
450 3054 581 3115 Rhodios
604 3066 777 3136 unctamque
800 3054 977 3116 Corinthon:

136 3135 295 3215 Despicias
323 3142 443 3208 merito;
468 3139 537 3218 quid
559 3141 685 3201 resinata
707 3143 839 3200 iuventus

138 3215 291 3298 Gruraque
314 3225 402 3283 totius
424 3223 533 3284 iaciant
553 3221 607 3283 tibi
629 3224 706 3285 levia
727 3220 846 3302 gentis?
1075 3233 1127 3285 115

136 3300 262 3363 Horrida
286 3306 401 3367 vitanda
423 3316 469 3367 est
489 3307 645 3387 Hispania,
674 3307 802 3370 Gallicus
822 3310 885 3369 axis

136 3383 346 3466 lllyricumque
369 3389 458 3460 latus;
482 3410 573 3471 parce
595 3401 625 3452 et
646 3392 825 3453 messoribus
847 3391 917 3462 illis,

138 3466 196 3541 Qui
218 3479 347 3533 saturant
369 3473 471 3534 urbem
496 3478 576 3536 circo
600 3493 767 3555 scenaeque
789 3483 950 3535 vacantem.
