<?xml version="1.0" encoding="UTF-8"?>
<!DOCTYPE html PUBLIC "-//W3C//DTD XHTML 1.0 Transitional//EN"
    "http://www.w3.org/TR/xhtml1/DTD/xhtml1-transitional.dtd">
<html xmlns="http://www.w3.org/1999/xhtml" xml:lang="en" lang="en">
 <head>
  <title>
</title>
<meta http-equiv="Content-Type" content="text/html;charset=utf-8" />
  <meta name='ocr-system' content='tesseract 3.04.00' />
  <meta name='ocr-capabilities' content='ocr_page ocr_carea ocr_par ocr_line ocrx_word'/>
</head>
<body>
  <div class='ocr_page' id='page_1' title='image "./satirarumlibriq01juvegoog_0086.png"; bbox 0 0 2590 3946; ppageno 0'>
   <div class='ocr_carea' id='block_1_1' title="bbox 528 247 735 297">
    <p class='ocr_par' dir='ltr' id='par_1_1' title="bbox 528 247 735 297">
     <span class='ocr_line' id='line_1_1' title="bbox 528 247 735 297; baseline 0.005 -1"><span class='ocrx_word' id='word_1_1' title='bbox 528 247 653 296; x_wconf 71' lang='lat' dir='ltr'><strong>suumn</strong></span> <span class='ocrx_word' id='word_1_2' title='bbox 675 249 735 297; x_wconf 86' lang='lat' dir='ltr'><strong>vn.</strong></span> 
     </span>
    </p>
   </div>
   <div class='ocr_carea' id='block_1_2' title="bbox 131 386 1127 3141">
    <p class='ocr_par' dir='ltr' id='par_1_2' title="bbox 135 386 880 468">
     <span class='ocr_line' id='line_1_2' title="bbox 135 386 880 468; baseline -0.003 -18"><span class='ocrx_word' id='word_1_3' title='bbox 135 387 277 450; x_wconf 84' lang='lat' dir='ltr'>Omnibus</span> <span class='ocrx_word' id='word_1_4' title='bbox 300 395 330 446; x_wconf 92' lang='lat' dir='ltr'><strong>et</strong></span> <span class='ocrx_word' id='word_1_5' title='bbox 353 387 461 448; x_wconf 91' lang='lat' dir='ltr'><strong>crescit</strong></span> <span class='ocrx_word' id='word_1_6' title='bbox 481 386 570 447; x_wconf 86' lang='lat' dir='ltr'><strong>multu</strong></span> <span class='ocrx_word' id='word_1_7' title='bbox 592 386 730 449; x_wconf 84' lang='lat' dir='ltr'><strong>damnosa</strong></span> <span class='ocrx_word' id='word_1_8' title='bbox 752 407 880 468; x_wconf 77' lang='lat' dir='ltr'><strong>papyro;</strong></span> 
     </span>
    </p>

    <p class='ocr_par' dir='ltr' id='par_1_3' title="bbox 135 471 1065 718">
     <span class='ocr_line' id='line_1_3' title="bbox 135 471 1022 552; baseline -0.002 -18"><span class='ocrx_word' id='word_1_9' title='bbox 135 473 187 534; x_wconf 94' lang='lat' dir='ltr'><strong>Sic</strong></span> <span class='ocrx_word' id='word_1_10' title='bbox 209 472 314 548; x_wconf 79' lang='lat' dir='ltr'><strong>iugens</strong></span> <span class='ocrx_word' id='word_1_11' title='bbox 335 489 431 531; x_wconf 90' lang='lat' dir='ltr'><strong>rerum</strong></span> <span class='ocrx_word' id='word_1_12' title='bbox 451 488 588 530; x_wconf 87' lang='lat' dir='ltr'><strong>numerus</strong></span> <span class='ocrx_word' id='word_1_13' title='bbox 609 471 689 532; x_wconf 88' lang='lat' dir='ltr'><strong>iubet</strong></span> <span class='ocrx_word' id='word_1_14' title='bbox 711 480 796 551; x_wconf 83' lang='lat' dir='ltr'><strong>utque</strong></span> <span class='ocrx_word' id='word_1_15' title='bbox 822 490 942 552; x_wconf 86' lang='lat' dir='ltr'><strong>operum</strong></span> <span class='ocrx_word' id='word_1_16' title='bbox 963 475 1022 536; x_wconf 84' lang='lat' dir='ltr'><strong>lex.</strong></span> 
     </span>
     <span class='ocr_line' id='line_1_4' title="bbox 135 552 1065 637; baseline 0.003 -22"><span class='ocrx_word' id='word_1_17' title='bbox 135 556 222 630; x_wconf 79' lang='lat' dir='ltr'><strong>Quae</strong></span> <span class='ocrx_word' id='word_1_18' title='bbox 245 563 341 614; x_wconf 87' lang='lat' dir='ltr'><strong>tamen</strong></span> <span class='ocrx_word' id='word_1_19' title='bbox 361 555 428 616; x_wconf 91' lang='lat' dir='ltr'><strong>inde</strong></span> <span class='ocrx_word' id='word_1_20' title='bbox 452 552 563 634; x_wconf 81' lang='lat' dir='ltr'><strong>seges?</strong></span> <span class='ocrx_word' id='word_1_21' title='bbox 585 562 682 616; x_wconf 89' lang='lat' dir='ltr'><strong>terrae</strong></span> <span class='ocrx_word' id='word_1_22' title='bbox 701 557 765 633; x_wconf 91' lang='lat' dir='ltr'><strong>quis</strong></span> <span class='ocrx_word' id='word_1_23' title='bbox 786 557 898 617; x_wconf 81' lang='lat' dir='ltr'><strong>fructus</strong></span> <span class='ocrx_word' id='word_1_24' title='bbox 921 557 1065 637; x_wconf 78' lang='lat' dir='ltr'><strong>apertae?</strong></span> 
     </span>
     <span class='ocr_line' id='line_1_5' title="bbox 135 637 991 718; baseline 0.004 -20"><span class='ocrx_word' id='word_1_25' title='bbox 135 639 209 713; x_wconf 81' lang='lat' dir='ltr'><strong>Quis</strong></span> <span class='ocrx_word' id='word_1_26' title='bbox 232 637 311 699; x_wconf 90' lang='lat' dir='ltr'><strong>dabit</strong></span> <span class='ocrx_word' id='word_1_27' title='bbox 330 639 486 716; x_wconf 89' lang='lat' dir='ltr'><strong>historico,</strong></span> <span class='ocrx_word' id='word_1_28' title='bbox 509 646 642 717; x_wconf 83' lang='lat' dir='ltr'><strong>quantum</strong></span> <span class='ocrx_word' id='word_1_29' title='bbox 665 640 748 700; x_wconf 85' lang='lat' dir='ltr'><strong>daret</strong></span> <span class='ocrx_word' id='word_1_30' title='bbox 770 649 834 700; x_wconf 83' lang='lat' dir='ltr'><strong>acta</strong></span> <span class='ocrx_word' id='word_1_31' title='bbox 857 639 991 718; x_wconf 81' lang='lat' dir='ltr'><strong>legenti?</strong></span> 
     </span>
    </p>

    <p class='ocr_par' dir='ltr' id='par_1_4' title="bbox 132 721 1127 885">
     <span class='ocr_line' id='line_1_6' title="bbox 132 721 1127 802; baseline 0.011 -20"><span class='ocrx_word' id='word_1_32' title='bbox 132 721 239 782; x_wconf 88' lang='lat' dir='ltr'><strong>-Scd</strong></span> <span class='ocrx_word' id='word_1_33' title='bbox 258 740 352 798; x_wconf 82' lang='lat' dir='ltr'><strong>genus</strong></span> <span class='ocrx_word' id='word_1_34' title='bbox 371 724 522 800; x_wconf 55' lang='lat' dir='ltr'><strong>mnarum,</strong></span> <span class='ocrx_word' id='word_1_35' title='bbox 545 723 624 802; x_wconf 91' lang='lat' dir='ltr'><strong>quod</strong></span> <span class='ocrx_word' id='word_1_36' title='bbox 647 722 726 783; x_wconf 90' lang='lat' dir='ltr'><strong>lecto</strong></span> <span class='ocrx_word' id='word_1_37' title='bbox 749 724 857 800; x_wconf 71' lang='lat' dir='ltr'><strong>gaudm</strong></span> <span class='ocrx_word' id='word_1_38' title='bbox 878 734 908 785; x_wconf 89' lang='lat' dir='ltr'><strong>ct</strong></span> <span class='ocrx_word' id='word_1_39' title='bbox 928 721 1127 792; x_wconf 80' lang='lat' dir='ltr'><strong>umora-ros</strong></span> 
     </span>
     <span class='ocr_line' id='line_1_7' title="bbox 135 806 880 885; baseline -0.001 -18"><span class='ocrx_word' id='word_1_40' title='bbox 135 807 192 868; x_wconf 88' lang='lat' dir='ltr'><strong>Dic</strong></span> <span class='ocrx_word' id='word_1_41' title='bbox 215 807 322 883; x_wconf 79' lang='lat' dir='ltr'><strong>igitur,</strong></span> <span class='ocrx_word' id='word_1_42' title='bbox 344 806 414 885; x_wconf 79' lang='lat' dir='ltr'><strong>quid</strong></span> <span class='ocrx_word' id='word_1_43' title='bbox 436 807 590 867; x_wconf 80' lang='lat' dir='ltr'><strong>causidicis</strong></span> <span class='ocrx_word' id='word_1_44' title='bbox 611 806 708 867; x_wconf 86' lang='lat' dir='ltr'><strong>civilia</strong></span> <span class='ocrx_word' id='word_1_45' title='bbox 728 815 880 885; x_wconf 86' lang='lat' dir='ltr'><strong>praestent</strong></span> 
     </span>
    </p>

    <p class='ocr_par' dir='ltr' id='par_1_5' title="bbox 135 888 856 967">
     <span class='ocr_line' id='line_1_8' title="bbox 135 888 856 967; baseline 0 -17"><span class='ocrx_word' id='word_1_46' title='bbox 135 889 240 950; x_wconf 85' lang='lat' dir='ltr'><strong>Officia</strong></span> <span class='ocrx_word' id='word_1_47' title='bbox 263 899 293 949; x_wconf 89' lang='lat' dir='ltr'><strong>et</strong></span> <span class='ocrx_word' id='word_1_48' title='bbox 313 907 418 967; x_wconf 77' lang='lat' dir='ltr'><strong>magno</strong></span> <span class='ocrx_word' id='word_1_49' title='bbox 442 891 564 950; x_wconf 81' lang='lat' dir='ltr'><strong>comites</strong></span> <span class='ocrx_word' id='word_1_50' title='bbox 586 891 614 950; x_wconf 92' lang='lat' dir='ltr'><strong>in</strong></span> <span class='ocrx_word' id='word_1_51' title='bbox 635 889 718 952; x_wconf 78' lang='lat' dir='ltr'><strong>fusce</strong></span> <span class='ocrx_word' id='word_1_52' title='bbox 739 888 856 952; x_wconf 81' lang='lat' dir='ltr'><strong>libelli?</strong></span> 
     </span>
    </p>

    <p class='ocr_par' dir='ltr' id='par_1_6' title="bbox 134 973 1006 1137">
     <span class='ocr_line' id='line_1_9' title="bbox 134 973 1006 1055; baseline 0.002 -21"><span class='ocrx_word' id='word_1_53' title='bbox 134 974 195 1052; x_wconf 87' lang='lat' dir='ltr'><strong>Ipsi</strong></span> <span class='ocrx_word' id='word_1_54' title='bbox 215 991 320 1050; x_wconf 78' lang='lat' dir='ltr'><strong>magua</strong></span> <span class='ocrx_word' id='word_1_55' title='bbox 342 982 460 1049; x_wconf 88' lang='lat' dir='ltr'><strong>sonant,</strong></span> <span class='ocrx_word' id='word_1_56' title='bbox 481 973 535 1034; x_wconf 88' lang='lat' dir='ltr'><strong>scd</strong></span> <span class='ocrx_word' id='word_1_57' title='bbox 555 983 629 1050; x_wconf 88' lang='lat' dir='ltr'><strong>tum,</strong></span> <span class='ocrx_word' id='word_1_58' title='bbox 658 991 745 1053; x_wconf 87' lang='lat' dir='ltr'><strong>quum</strong></span> <span class='ocrx_word' id='word_1_59' title='bbox 767 975 897 1036; x_wconf 87' lang='lat' dir='ltr'><strong>creditor</strong></span> <span class='ocrx_word' id='word_1_60' title='bbox 918 974 1006 1055; x_wconf 88' lang='lat' dir='ltr'><strong>audit,</strong></span> 
     </span>
     <span class='ocr_line' id='line_1_10' title="bbox 135 1056 845 1137; baseline 0.001 -19"><span class='ocrx_word' id='word_1_61' title='bbox 135 1057 316 1135; x_wconf 86' lang='lat' dir='ltr'><strong>Praecipue,</strong></span> <span class='ocrx_word' id='word_1_62' title='bbox 338 1057 387 1116; x_wconf 86' lang='lat' dir='ltr'><strong>vel</strong></span> <span class='ocrx_word' id='word_1_63' title='bbox 410 1058 434 1116; x_wconf 90' lang='lat' dir='ltr'><strong>si</strong></span> <span class='ocrx_word' id='word_1_64' title='bbox 456 1057 551 1134; x_wconf 79' lang='lat' dir='ltr'><strong>tetigit</strong></span> <span class='ocrx_word' id='word_1_65' title='bbox 566 1056 641 1116; x_wconf 87' lang='lat' dir='ltr'><strong>lutus</strong></span> <span class='ocrx_word' id='word_1_66' title='bbox 664 1060 761 1118; x_wconf 86' lang='lat' dir='ltr'><strong>acrior</strong></span> <span class='ocrx_word' id='word_1_67' title='bbox 779 1059 845 1137; x_wconf 89' lang='lat' dir='ltr'><strong>iilo,</strong></span> 
     </span>
    </p>

    <p class='ocr_par' dir='ltr' id='par_1_7' title="bbox 134 1139 1127 1386">
     <span class='ocr_line' id='line_1_11' title="bbox 134 1139 1127 1217; baseline 0.005 -17"><span class='ocrx_word' id='word_1_68' title='bbox 134 1140 192 1214; x_wconf 81' lang='lat' dir='ltr'><strong>Qui</strong></span> <span class='ocrx_word' id='word_1_69' title='bbox 213 1142 293 1200; x_wconf 85' lang='lat' dir='ltr'><strong>verrit</strong></span> <span class='ocrx_word' id='word_1_70' title='bbox 312 1140 348 1201; x_wconf 88' lang='lat' dir='ltr'><strong>ad</strong></span> <span class='ocrx_word' id='word_1_71' title='bbox 368 1139 484 1200; x_wconf 89' lang='lat' dir='ltr'><strong>dubium</strong></span> <span class='ocrx_word' id='word_1_72' title='bbox 506 1139 607 1217; x_wconf 84' lang='lat' dir='ltr'><strong>grandi</strong></span> <span class='ocrx_word' id='word_1_73' title='bbox 630 1159 694 1201; x_wconf 90' lang='lat' dir='ltr'><strong>curu</strong></span> <span class='ocrx_word' id='word_1_74' title='bbox 716 1142 820 1203; x_wconf 85' lang='lat' dir='ltr'><strong>codice</strong></span> <span class='ocrx_word' id='word_1_75' title='bbox 843 1161 959 1204; x_wconf 89' lang='lat' dir='ltr'><strong>nomen.</strong></span> <span class='ocrx_word' id='word_1_76' title='bbox 1075 1157 1127 1210; x_wconf 89' lang='lat'><strong>110</strong></span> 
     </span>
     <span class='ocr_line' id='line_1_12' title="bbox 134 1224 1007 1306; baseline 0.006 -23"><span class='ocrx_word' id='word_1_77' title='bbox 134 1224 216 1284; x_wconf 85' lang='lat' dir='ltr'><strong>Tunc</strong></span> <span class='ocrx_word' id='word_1_78' title='bbox 238 1225 377 1286; x_wconf 88' lang='lat' dir='ltr'><strong>immensa</strong></span> <span class='ocrx_word' id='word_1_79' title='bbox 397 1225 460 1284; x_wconf 89' lang='lat' dir='ltr'><strong>cavi</strong></span> <span class='ocrx_word' id='word_1_80' title='bbox 482 1225 592 1303; x_wconf 88' lang='lat' dir='ltr'><strong>spirant</strong></span> <span class='ocrx_word' id='word_1_81' title='bbox 611 1224 763 1286; x_wconf 85' lang='lat' dir='ltr'><strong>mendacia</strong></span> <span class='ocrx_word' id='word_1_82' title='bbox 785 1225 874 1287; x_wconf 80' lang='lat' dir='ltr'><strong>folles</strong></span> <span class='ocrx_word' id='word_1_83' title='bbox 1005 1302 1007 1306; x_wconf 18' lang='grc' dir='ltr'><strong><em>ι</em></strong></span> 
     </span>
     <span class='ocr_line' id='line_1_13' title="bbox 136 1305 959 1386; baseline 0.005 -19"><span class='ocrx_word' id='word_1_84' title='bbox 136 1305 369 1386; x_wconf 83' lang='lat' dir='ltr'><strong>Conspuiturque</strong></span> <span class='ocrx_word' id='word_1_85' title='bbox 391 1309 486 1368; x_wconf 88' lang='lat' dir='ltr'><strong>sinus:</strong></span> <span class='ocrx_word' id='word_1_86' title='bbox 503 1325 603 1368; x_wconf 83' lang='lat' dir='ltr'><strong>veram</strong></span> <span class='ocrx_word' id='word_1_87' title='bbox 627 1307 812 1386; x_wconf 80' lang='lat' dir='ltr'><strong>deprendere</strong></span> <span class='ocrx_word' id='word_1_88' title='bbox 833 1327 959 1371; x_wconf 88' lang='lat' dir='ltr'><strong>messem</strong></span> 
     </span>
    </p>

    <p class='ocr_par' dir='ltr' id='par_1_8' title="bbox 134 1390 936 1471">
     <span class='ocr_line' id='line_1_14' title="bbox 134 1390 936 1471; baseline 0.004 -20"><span class='ocrx_word' id='word_1_89' title='bbox 134 1393 166 1452; x_wconf 91' lang='lat' dir='ltr'><strong>Si</strong></span> <span class='ocrx_word' id='word_1_90' title='bbox 190 1390 277 1465; x_wconf 90' lang='lat' dir='ltr'><strong>libet,</strong></span> <span class='ocrx_word' id='word_1_91' title='bbox 298 1391 366 1452; x_wconf 88' lang='lat' dir='ltr'><strong>irinc</strong></span> <span class='ocrx_word' id='word_1_92' title='bbox 387 1400 502 1451; x_wconf 87' lang='lat' dir='ltr'><strong>centurn</strong></span> <span class='ocrx_word' id='word_1_93' title='bbox 524 1391 694 1468; x_wconf 72' lang='lat' dir='ltr'><strong>patrimonii</strong></span> <span class='ocrx_word' id='word_1_94' title='bbox 713 1393 936 1471; x_wconf 86' lang='lat' dir='ltr'><strong>causidicorum,</strong></span> 
     </span>
    </p>

    <p class='ocr_par' dir='ltr' id='par_1_9' title="bbox 133 1474 813 1553">
     <span class='ocr_line' id='line_1_15' title="bbox 133 1474 813 1553; baseline -0.003 -17"><span class='ocrx_word' id='word_1_95' title='bbox 133 1475 219 1536; x_wconf 87' lang='lat' dir='ltr'><strong>Parte</strong></span> <span class='ocrx_word' id='word_1_96' title='bbox 243 1474 300 1536; x_wconf 85' lang='lat' dir='ltr'><strong>aliu</strong></span> <span class='ocrx_word' id='word_1_97' title='bbox 321 1474 414 1534; x_wconf 90' lang='lat' dir='ltr'><strong>solum</strong></span> <span class='ocrx_word' id='word_1_98' title='bbox 435 1475 540 1534; x_wconf 88' lang='lat' dir='ltr'><strong>russati</strong></span> <span class='ocrx_word' id='word_1_99' title='bbox 560 1490 638 1553; x_wconf 89' lang='lat' dir='ltr'><strong>pone</strong></span> <span class='ocrx_word' id='word_1_100' title='bbox 653 1474 813 1536; x_wconf 77' lang='lat' dir='ltr'><strong>Lacernae.</strong></span> 
     </span>
    </p>

    <p class='ocr_par' dir='ltr' id='par_1_10' title="bbox 133 1557 1125 1721">
     <span class='ocr_line' id='line_1_16' title="bbox 135 1557 1125 1637; baseline 0.007 -18"><span class='ocrx_word' id='word_1_101' title='bbox 135 1557 307 1619; x_wconf 84' lang='lat' dir='ltr'><strong>Consedere</strong></span> <span class='ocrx_word' id='word_1_102' title='bbox 329 1558 435 1618; x_wconf 88' lang='lat' dir='ltr'><strong>duces:</strong></span> <span class='ocrx_word' id='word_1_103' title='bbox 458 1559 553 1635; x_wconf 77' lang='lat' dir='ltr'><strong>surgis</strong></span> <span class='ocrx_word' id='word_1_104' title='bbox 575 1567 605 1618; x_wconf 92' lang='lat' dir='ltr'><strong>tu</strong></span> <span class='ocrx_word' id='word_1_105' title='bbox 627 1558 753 1637; x_wconf 84' lang='lat' dir='ltr'><strong>pallidus</strong></span> <span class='ocrx_word' id='word_1_106' title='bbox 772 1559 858 1636; x_wconf 77' lang='lat' dir='ltr'><strong>Aiax,</strong></span> <span class='ocrx_word' id='word_1_107' title='bbox 1073 1573 1125 1626; x_wconf 77' lang='grc'><strong>115</strong></span> 
     </span>
     <span class='ocr_line' id='line_1_17' title="bbox 133 1640 771 1721; baseline 0 -18"><span class='ocrx_word' id='word_1_108' title='bbox 133 1642 270 1703; x_wconf 84' lang='lat' dir='ltr'><strong>Dicturus</strong></span> <span class='ocrx_word' id='word_1_109' title='bbox 293 1640 377 1702; x_wconf 87' lang='lat' dir='ltr'><strong>dubia</strong></span> <span class='ocrx_word' id='word_1_110' title='bbox 396 1659 450 1721; x_wconf 93' lang='lat' dir='ltr'><strong>pro</strong></span> <span class='ocrx_word' id='word_1_111' title='bbox 471 1641 623 1718; x_wconf 80' lang='lat' dir='ltr'><strong>libertate,</strong></span> <span class='ocrx_word' id='word_1_112' title='bbox 643 1641 771 1703; x_wconf 85' lang='lat' dir='ltr'><strong>buhuico</strong></span> 
     </span>
    </p>

    <p class='ocr_par' dir='ltr' id='par_1_11' title="bbox 131 1724 985 1888">
     <span class='ocr_line' id='line_1_18' title="bbox 131 1724 985 1805; baseline 0.002 -19"><span class='ocrx_word' id='word_1_113' title='bbox 131 1725 242 1787; x_wconf 87' lang='lat' dir='ltr'><strong>Indice.</strong></span> <span class='ocrx_word' id='word_1_114' title='bbox 286 1724 398 1805; x_wconf 84' lang='lat' dir='ltr'><strong>Rumpe</strong></span> <span class='ocrx_word' id='word_1_115' title='bbox 418 1727 507 1786; x_wconf 87' lang='lat' dir='ltr'><strong>miser</strong></span> <span class='ocrx_word' id='word_1_116' title='bbox 527 1734 640 1786; x_wconf 90' lang='lat' dir='ltr'><strong>tensum</strong></span> <span class='ocrx_word' id='word_1_117' title='bbox 662 1727 759 1803; x_wconf 91' lang='lat' dir='ltr'><strong>iecur,</strong></span> <span class='ocrx_word' id='word_1_118' title='bbox 782 1736 813 1786; x_wconf 88' lang='lat' dir='ltr'><strong>ut</strong></span> <span class='ocrx_word' id='word_1_119' title='bbox 833 1726 885 1786; x_wconf 93' lang='lat' dir='ltr'><strong>tibi</strong></span> <span class='ocrx_word' id='word_1_120' title='bbox 906 1727 985 1788; x_wconf 86' lang='lat' dir='ltr'><strong>lasso</strong></span> 
     </span>
     <span class='ocr_line' id='line_1_19' title="bbox 134 1805 869 1888; baseline 0 -18"><span class='ocrx_word' id='word_1_121' title='bbox 134 1805 273 1888; x_wconf 76' lang='lat' dir='ltr'><strong>Figentur</strong></span> <span class='ocrx_word' id='word_1_122' title='bbox 295 1810 420 1886; x_wconf 90' lang='lat' dir='ltr'><strong>virides,</strong></span> <span class='ocrx_word' id='word_1_123' title='bbox 443 1808 587 1869; x_wconf 85' lang='lat' dir='ltr'><strong>scalarum</strong></span> <span class='ocrx_word' id='word_1_124' title='bbox 608 1808 720 1886; x_wconf 81' lang='lat' dir='ltr'><strong>gioria,</strong></span> <span class='ocrx_word' id='word_1_125' title='bbox 741 1809 869 1888; x_wconf 79' lang='lat' dir='ltr'><strong>palmae:</strong></span> 
     </span>
    </p>

    <p class='ocr_par' dir='ltr' id='par_1_12' title="bbox 134 1888 1123 2139">
     <span class='ocr_line' id='line_1_20' title="bbox 134 1888 960 1972; baseline -0.002 -19"><span class='ocrx_word' id='word_1_126' title='bbox 134 1893 222 1967; x_wconf 81' lang='lat' dir='ltr'><strong>Quod</strong></span> <span class='ocrx_word' id='word_1_127' title='bbox 242 1894 326 1954; x_wconf 87' lang='lat' dir='ltr'><strong>vocis</strong></span> <span class='ocrx_word' id='word_1_128' title='bbox 347 1888 490 1972; x_wconf 77' lang='lat' dir='ltr'><strong>pretium?</strong></span> <span class='ocrx_word' id='word_1_129' title='bbox 512 1893 833 1970; x_wconf 81' lang='lat' dir='ltr'><strong>siccuspctusuiiculus</strong></span> <span class='ocrx_word' id='word_1_130' title='bbox 857 1901 888 1951; x_wconf 88' lang='lat' dir='ltr'><strong>et</strong></span> <span class='ocrx_word' id='word_1_131' title='bbox 908 1905 960 1953; x_wconf 83' lang='lat' dir='ltr'><strong>rus</strong></span> 
     </span>
     <span class='ocr_line' id='line_1_21' title="bbox 135 1973 1123 2057; baseline 0.003 -20"><span class='ocrx_word' id='word_1_132' title='bbox 135 1977 336 2052; x_wconf 77' lang='lat' dir='ltr'><strong>Pelamydunt,</strong></span> <span class='ocrx_word' id='word_1_133' title='bbox 358 1985 407 2036; x_wconf 90' lang='lat' dir='ltr'><strong>uut</strong></span> <span class='ocrx_word' id='word_1_134' title='bbox 428 1985 563 2051; x_wconf 84' lang='lat' dir='ltr'><strong>veteres,</strong></span> <span class='ocrx_word' id='word_1_135' title='bbox 583 1973 747 2036; x_wconf 76' lang='lat' dir='ltr'><strong>Maurorum</strong></span> <span class='ocrx_word' id='word_1_136' title='bbox 770 1975 924 2053; x_wconf 77' lang='lat' dir='ltr'><strong>spiridonis,</strong></span> <span class='ocrx_word' id='word_1_137' title='bbox 945 1975 1037 2057; x_wconf 79' lang='lat' dir='ltr'><strong>tulit,</strong></span> <span class='ocrx_word' id='word_1_138' title='bbox 1071 1987 1123 2040; x_wconf 82' lang='grc'><strong>110</strong></span> 
     </span>
     <span class='ocr_line' id='line_1_22' title="bbox 134 2056 927 2139; baseline -0.004 -19"><span class='ocrx_word' id='word_1_139' title='bbox 134 2061 308 2121; x_wconf 79' lang='lat' dir='ltr'><strong>Autricum</strong></span> <span class='ocrx_word' id='word_1_140' title='bbox 330 2059 430 2120; x_wconf 81' lang='lat' dir='ltr'><strong>Tiberi</strong></span> <span class='ocrx_word' id='word_1_141' title='bbox 450 2056 620 2136; x_wconf 80' lang='lat' dir='ltr'><strong>devectum,</strong></span> <span class='ocrx_word' id='word_1_142' title='bbox 644 2058 770 2139; x_wconf 79' lang='lat' dir='ltr'><strong>quinquae</strong></span> <span class='ocrx_word' id='word_1_143' title='bbox 792 2059 927 2136; x_wconf 73' lang='lat' dir='ltr'><strong>ingunde.</strong></span> 
     </span>
    </p>

    <p class='ocr_par' dir='ltr' id='par_1_13' title="bbox 135 2143 837 2223">
     <span class='ocr_line' id='line_1_23' title="bbox 135 2143 837 2223; baseline -0.001 -19"><span class='ocrx_word' id='word_1_144' title='bbox 135 2146 167 2204; x_wconf 94' lang='lat' dir='ltr'><strong>Si</strong></span> <span class='ocrx_word' id='word_1_145' title='bbox 189 2153 292 2223; x_wconf 86' lang='lat' dir='ltr'><strong>quater</strong></span> <span class='ocrx_word' id='word_1_146' title='bbox 313 2144 416 2222; x_wconf 78' lang='lat' dir='ltr'><strong>egisti,</strong></span> <span class='ocrx_word' id='word_1_147' title='bbox 440 2144 464 2203; x_wconf 90' lang='lat' dir='ltr'><strong>si</strong></span> <span class='ocrx_word' id='word_1_148' title='bbox 486 2143 606 2220; x_wconf 76' lang='lat' dir='ltr'><strong>contigit</strong></span> <span class='ocrx_word' id='word_1_149' title='bbox 628 2159 733 2204; x_wconf 86' lang='lat' dir='ltr'><strong>aureus</strong></span> <span class='ocrx_word' id='word_1_150' title='bbox 753 2159 837 2219; x_wconf 87' lang='lat' dir='ltr'><strong>uuus,</strong></span> 
     </span>
    </p>

    <p class='ocr_par' dir='ltr' id='par_1_14' title="bbox 135 2225 928 2307">
     <span class='ocr_line' id='line_1_24' title="bbox 135 2225 928 2307; baseline -0.006 -18"><span class='ocrx_word' id='word_1_151' title='bbox 135 2227 204 2289; x_wconf 87' lang='lat' dir='ltr'><strong>iude</strong></span> <span class='ocrx_word' id='word_1_152' title='bbox 227 2228 332 2289; x_wconf 89' lang='lat' dir='ltr'><strong>cadunt</strong></span> <span class='ocrx_word' id='word_1_153' title='bbox 353 2237 452 2307; x_wconf 88' lang='lat' dir='ltr'><strong>partes</strong></span> <span class='ocrx_word' id='word_1_154' title='bbox 473 2243 513 2286; x_wconf 88' lang='lat' dir='ltr'><strong>cx</strong></span> <span class='ocrx_word' id='word_1_155' title='bbox 530 2225 653 2287; x_wconf 80' lang='lat' dir='ltr'><strong>foedere</strong></span> <span class='ocrx_word' id='word_1_156' title='bbox 675 2227 928 2306; x_wconf 69' lang='lat' dir='ltr'><strong>pragmaticorum.</strong></span> 
     </span>
    </p>

    <p class='ocr_par' dir='ltr' id='par_1_15' title="bbox 134 2310 906 2391">
     <span class='ocr_line' id='line_1_25' title="bbox 134 2310 906 2391; baseline -0.005 -19"><span class='ocrx_word' id='word_1_157' title='bbox 134 2310 260 2372; x_wconf 79' lang='lat' dir='ltr'><strong>Aemilio</strong></span> <span class='ocrx_word' id='word_1_158' title='bbox 283 2310 396 2371; x_wconf 85' lang='lat' dir='ltr'><strong>dabitur</strong></span> <span class='ocrx_word' id='word_1_159' title='bbox 418 2320 552 2391; x_wconf 83' lang='lat' dir='ltr'><strong>quantum</strong></span> <span class='ocrx_word' id='word_1_160' title='bbox 574 2310 657 2386; x_wconf 89' lang='lat' dir='ltr'><strong>licet,</strong></span> <span class='ocrx_word' id='word_1_161' title='bbox 682 2319 711 2370; x_wconf 92' lang='lat' dir='ltr'><strong>et</strong></span> <span class='ocrx_word' id='word_1_162' title='bbox 731 2310 834 2370; x_wconf 92' lang='lat' dir='ltr'><strong>melius</strong></span> <span class='ocrx_word' id='word_1_163' title='bbox 851 2325 906 2369; x_wconf 89' lang='lat' dir='ltr'><strong>nos</strong></span> 
     </span>
    </p>

    <p class='ocr_par' dir='ltr' id='par_1_16' title="bbox 134 2392 1120 2554">
     <span class='ocr_line' id='line_1_26' title="bbox 134 2392 1120 2472; baseline 0 -16"><span class='ocrx_word' id='word_1_164' title='bbox 134 2394 270 2472; x_wconf 62' lang='lat' dir='ltr'><strong>&amp;primum</strong></span> <span class='ocrx_word' id='word_1_165' title='bbox 294 2394 378 2454; x_wconf 88' lang='lat' dir='ltr'><strong>huius</strong></span> <span class='ocrx_word' id='word_1_166' title='bbox 396 2395 472 2454; x_wconf 88' lang='lat' dir='ltr'><strong>enirn</strong></span> <span class='ocrx_word' id='word_1_167' title='bbox 493 2401 549 2453; x_wconf 87' lang='lat' dir='ltr'><strong>stat</strong></span> <span class='ocrx_word' id='word_1_168' title='bbox 572 2410 672 2453; x_wconf 87' lang='lat' dir='ltr'><strong>currus</strong></span> <span class='ocrx_word' id='word_1_169' title='bbox 695 2411 820 2470; x_wconf 82' lang='lat' dir='ltr'><strong>aeneus,</strong></span> <span class='ocrx_word' id='word_1_170' title='bbox 843 2392 895 2453; x_wconf 85' lang='lat' dir='ltr'><strong>alti</strong></span> <span class='ocrx_word' id='word_1_171' title='bbox 1070 2403 1120 2456; x_wconf 74' lang='grc'><strong>115</strong></span> 
     </span>
     <span class='ocr_line' id='line_1_27' title="bbox 134 2475 877 2554; baseline -0.004 -16"><span class='ocrx_word' id='word_1_172' title='bbox 134 2477 328 2554; x_wconf 80' lang='lat' dir='ltr'><strong>Quadriiuges</strong></span> <span class='ocrx_word' id='word_1_173' title='bbox 348 2478 376 2535; x_wconf 92' lang='lat' dir='ltr'><strong>iu</strong></span> <span class='ocrx_word' id='word_1_174' title='bbox 396 2475 564 2552; x_wconf 88' lang='lat' dir='ltr'><strong>vestibulis,</strong></span> <span class='ocrx_word' id='word_1_175' title='bbox 588 2484 674 2553; x_wconf 84' lang='lat' dir='ltr'><strong>atque</strong></span> <span class='ocrx_word' id='word_1_176' title='bbox 697 2477 761 2554; x_wconf 89' lang='lat' dir='ltr'><strong>ipse</strong></span> <span class='ocrx_word' id='word_1_177' title='bbox 782 2475 877 2536; x_wconf 84' lang='lat' dir='ltr'><strong>icrooi</strong></span> 
     </span>
    </p>

    <p class='ocr_par' dir='ltr' id='par_1_17' title="bbox 133 2557 846 2623">
     <span class='ocr_line' id='line_1_28' title="bbox 133 2557 846 2623; baseline -0.003 0"><span class='ocrx_word' id='word_1_178' title='bbox 133 2562 283 2623; x_wconf 90' lang='lat' dir='ltr'><strong>Bellatore</strong></span> <span class='ocrx_word' id='word_1_179' title='bbox 304 2560 413 2620; x_wconf 89' lang='lat' dir='ltr'><strong>sedens</strong></span> <span class='ocrx_word' id='word_1_180' title='bbox 435 2567 581 2620; x_wconf 86' lang='lat' dir='ltr'><strong>curvatum</strong></span> <span class='ocrx_word' id='word_1_181' title='bbox 600 2557 705 2619; x_wconf 86' lang='lat' dir='ltr'><strong>hastile</strong></span> <span class='ocrx_word' id='word_1_182' title='bbox 723 2560 846 2621; x_wconf 86' lang='lat' dir='ltr'><strong>minatur</strong></span> 
     </span>
    </p>

    <p class='ocr_par' dir='ltr' id='par_1_18' title="bbox 133 2642 833 2723">
     <span class='ocr_line' id='line_1_29' title="bbox 133 2642 833 2723; baseline -0.007 -17"><span class='ocrx_word' id='word_1_183' title='bbox 133 2645 252 2706; x_wconf 77' lang='lat' dir='ltr'><strong>Eunicus</strong></span> <span class='ocrx_word' id='word_1_184' title='bbox 275 2651 305 2703; x_wconf 90' lang='lat' dir='ltr'><strong>et</strong></span> <span class='ocrx_word' id='word_1_185' title='bbox 327 2646 419 2706; x_wconf 83' lang='lat' dir='ltr'><strong>statua</strong></span> <span class='ocrx_word' id='word_1_186' title='bbox 440 2642 592 2703; x_wconf 88' lang='lat' dir='ltr'><strong>meditatur</strong></span> <span class='ocrx_word' id='word_1_187' title='bbox 611 2643 723 2723; x_wconf 89' lang='lat' dir='ltr'><strong>proelia</strong></span> <span class='ocrx_word' id='word_1_188' title='bbox 743 2643 833 2704; x_wconf 77' lang='lat' dir='ltr'><strong>lusca.</strong></span> 
     </span>
    </p>

    <p class='ocr_par' dir='ltr' id='par_1_19' title="bbox 134 2724 1121 2971">
     <span class='ocr_line' id='line_1_30' title="bbox 134 2724 985 2804; baseline -0.005 -14"><span class='ocrx_word' id='word_1_189' title='bbox 134 2731 184 2791; x_wconf 89' lang='lat' dir='ltr'><strong>Sic</strong></span> <span class='ocrx_word' id='word_1_190' title='bbox 204 2727 287 2788; x_wconf 85' lang='lat' dir='ltr'><strong>Pedo</strong></span> <span class='ocrx_word' id='word_1_191' title='bbox 310 2727 477 2804; x_wconf 86' lang='lat' dir='ltr'><strong>conturbat,</strong></span> <span class='ocrx_word' id='word_1_192' title='bbox 499 2724 596 2787; x_wconf 81' lang='lat' dir='ltr'><strong>diatho</strong></span> <span class='ocrx_word' id='word_1_193' title='bbox 620 2726 733 2796; x_wconf 90' lang='lat' dir='ltr'><strong>deiicit;</strong></span> <span class='ocrx_word' id='word_1_194' title='bbox 757 2729 855 2788; x_wconf 87' lang='lat' dir='ltr'><strong>exitus</strong></span> <span class='ocrx_word' id='word_1_195' title='bbox 870 2725 919 2787; x_wconf 84' lang='lat' dir='ltr'><strong>hic</strong></span> <span class='ocrx_word' id='word_1_196' title='bbox 938 2733 985 2787; x_wconf 86' lang='lat' dir='ltr'><strong>est</strong></span> 
     </span>
     <span class='ocr_line' id='line_1_31' title="bbox 135 2809 1121 2890; baseline -0.002 -16"><span class='ocrx_word' id='word_1_197' title='bbox 135 2811 284 2890; x_wconf 78' lang='lat' dir='ltr'><strong>Tongilii,</strong></span> <span class='ocrx_word' id='word_1_198' title='bbox 306 2829 411 2890; x_wconf 78' lang='lat' dir='ltr'><strong>magno</strong></span> <span class='ocrx_word' id='word_1_199' title='bbox 435 2825 499 2871; x_wconf 87' lang='lat' dir='ltr'><strong>oum</strong></span> <span class='ocrx_word' id='word_1_200' title='bbox 518 2809 706 2873; x_wconf 85' lang='lat' dir='ltr'><strong>rhinocerote</strong></span> <span class='ocrx_word' id='word_1_201' title='bbox 729 2812 820 2872; x_wconf 83' lang='lat' dir='ltr'><strong>lavari</strong></span> <span class='ocrx_word' id='word_1_202' title='bbox 1069 2817 1121 2872; x_wconf 79' lang='lat'><strong>130</strong></span> 
     </span>
     <span class='ocr_line' id='line_1_32' title="bbox 135 2894 842 2971; baseline 0 -17"><span class='ocrx_word' id='word_1_203' title='bbox 135 2895 192 2971; x_wconf 81' lang='lat' dir='ltr'><strong>Qui</strong></span> <span class='ocrx_word' id='word_1_204' title='bbox 215 2896 293 2956; x_wconf 92' lang='lat' dir='ltr'><strong>solet</strong></span> <span class='ocrx_word' id='word_1_205' title='bbox 315 2904 344 2955; x_wconf 95' lang='lat' dir='ltr'><strong>et</strong></span> <span class='ocrx_word' id='word_1_206' title='bbox 366 2903 454 2956; x_wconf 86' lang='lat' dir='ltr'><strong>vexat</strong></span> <span class='ocrx_word' id='word_1_207' title='bbox 475 2894 614 2955; x_wconf 83' lang='lat' dir='ltr'><strong>lutulente</strong></span> <span class='ocrx_word' id='word_1_208' title='bbox 632 2895 737 2956; x_wconf 81' lang='lat' dir='ltr'><strong>balnea</strong></span> <span class='ocrx_word' id='word_1_209' title='bbox 759 2894 842 2954; x_wconf 82' lang='lat' dir='ltr'><strong>turbe</strong></span> 
     </span>
    </p>

    <p class='ocr_par' dir='ltr' id='par_1_20' title="bbox 135 2974 1020 3141">
     <span class='ocr_line' id='line_1_33' title="bbox 135 2974 1020 3057; baseline -0.005 -17"><span class='ocrx_word' id='word_1_210' title='bbox 135 2979 250 3057; x_wconf 84' lang='lat' dir='ltr'><strong>Perque</strong></span> <span class='ocrx_word' id='word_1_211' title='bbox 271 2978 365 3039; x_wconf 89' lang='lat' dir='ltr'><strong>iorum</strong></span> <span class='ocrx_word' id='word_1_212' title='bbox 386 2981 505 3040; x_wconf 84' lang='lat' dir='ltr'><strong>iuvenes</strong></span> <span class='ocrx_word' id='word_1_213' title='bbox 527 2978 617 3056; x_wconf 77' lang='lat' dir='ltr'><strong>longo</strong></span> <span class='ocrx_word' id='word_1_214' title='bbox 639 2979 744 3057; x_wconf 88' lang='lat' dir='ltr'><strong>premit</strong></span> <span class='ocrx_word' id='word_1_215' title='bbox 765 2995 867 3038; x_wconf 85' lang='lat' dir='ltr'><strong>assere</strong></span> <span class='ocrx_word' id='word_1_216' title='bbox 887 2974 1020 3053; x_wconf 82' lang='lat' dir='ltr'><strong>iiaedos,</strong></span> 
     </span>
     <span class='ocr_line' id='line_1_34' title="bbox 135 3058 929 3141; baseline -0.003 -19"><span class='ocrx_word' id='word_1_217' title='bbox 135 3061 291 3141; x_wconf 87' lang='lat' dir='ltr'><strong>Empturus</strong></span> <span class='ocrx_word' id='word_1_218' title='bbox 314 3080 439 3141; x_wconf 88' lang='lat' dir='ltr'><strong>pueros,</strong></span> <span class='ocrx_word' id='word_1_219' title='bbox 460 3069 626 3138; x_wconf 81' lang='lat' dir='ltr'><strong>argentum,</strong></span> <span class='ocrx_word' id='word_1_220' title='bbox 659 3062 801 3141; x_wconf 84' lang='lat' dir='ltr'><strong>murrina,</strong></span> <span class='ocrx_word' id='word_1_221' title='bbox 829 3058 929 3130; x_wconf 67' lang='lat' dir='ltr'><strong>villam</strong></span> 
     </span>
    </p>
   </div>
   <div class='ocr_carea' id='block_1_3' title="bbox 13 3143 872 3224">
    <p class='ocr_par' dir='ltr' id='par_1_21' title="bbox 13 3143 872 3224">
     <span class='ocr_line' id='line_1_35' title="bbox 13 3143 872 3224; baseline -0.006 -18"><span class='ocrx_word' id='word_1_222' title='bbox 13 3167 16 3174; x_wconf 60' lang='grc'>’</span> <span class='ocrx_word' id='word_1_223' title='bbox 136 3145 270 3224; x_wconf 84' lang='lat' dir='ltr'><strong>Spondet</strong></span> <span class='ocrx_word' id='word_1_224' title='bbox 292 3147 367 3206; x_wconf 87' lang='lat' dir='ltr'><strong>enirn</strong></span> <span class='ocrx_word' id='word_1_225' title='bbox 390 3143 480 3222; x_wconf 75' lang='lat' dir='ltr'><strong>i&#39;yrio</strong></span> <span class='ocrx_word' id='word_1_226' title='bbox 503 3145 644 3205; x_wconf 86' lang='lat' dir='ltr'><strong>stlattaria</strong></span> <span class='ocrx_word' id='word_1_227' title='bbox 665 3160 791 3223; x_wconf 84' lang='lat' dir='ltr'><strong>purpura</strong></span> <span class='ocrx_word' id='word_1_228' title='bbox 812 3143 872 3204; x_wconf 87' lang='lat' dir='ltr'><strong>iilo.</strong></span> 
     </span>
    </p>
   </div>
   <div class='ocr_carea' id='block_1_4' title="bbox 135 3226 1122 3624">
    <p class='ocr_par' dir='ltr' id='par_1_22' title="bbox 135 3226 1122 3624">
     <span class='ocr_line' id='line_1_36' title="bbox 135 3226 1122 3306; baseline 0.001 -17"><span class='ocrx_word' id='word_1_229' title='bbox 135 3227 174 3289; x_wconf 82' lang='lat' dir='ltr'><strong>Et</strong></span> <span class='ocrx_word' id='word_1_230' title='bbox 193 3237 290 3290; x_wconf 85' lang='lat' dir='ltr'><strong>tamen</strong></span> <span class='ocrx_word' id='word_1_231' title='bbox 312 3238 357 3289; x_wconf 89' lang='lat' dir='ltr'><strong>est</strong></span> <span class='ocrx_word' id='word_1_232' title='bbox 376 3229 434 3289; x_wconf 89' lang='lat' dir='ltr'><strong>illis</strong></span> <span class='ocrx_word' id='word_1_233' title='bbox 453 3229 510 3288; x_wconf 92' lang='lat' dir='ltr'><strong>hoc</strong></span> <span class='ocrx_word' id='word_1_234' title='bbox 530 3228 616 3296; x_wconf 79' lang='lat' dir='ltr'><strong>utile:</strong></span> <span class='ocrx_word' id='word_1_235' title='bbox 641 3244 766 3306; x_wconf 83' lang='lat' dir='ltr'><strong>purpura</strong></span> <span class='ocrx_word' id='word_1_236' title='bbox 786 3226 886 3288; x_wconf 83' lang='lat' dir='ltr'><strong>vendit</strong></span> <span class='ocrx_word' id='word_1_237' title='bbox 1071 3237 1122 3292; x_wconf 81' lang='grc'><strong>135</strong></span> 
     </span>
     <span class='ocr_line' id='line_1_37' title="bbox 137 3310 951 3390; baseline -0.001 -18"><span class='ocrx_word' id='word_1_238' title='bbox 137 3310 340 3390; x_wconf 82' lang='lat' dir='ltr'><strong>Causidicum,</strong></span> <span class='ocrx_word' id='word_1_239' title='bbox 358 3313 485 3373; x_wconf 88' lang='lat' dir='ltr'><strong>rendunt</strong></span> <span class='ocrx_word' id='word_1_240' title='bbox 506 3311 710 3388; x_wconf 68' lang='lat' dir='ltr'><strong>amethystinm</strong></span> <span class='ocrx_word' id='word_1_241' title='bbox 733 3312 869 3372; x_wconf 76' lang='lat' dir='ltr'><strong>convenit</strong></span> <span class='ocrx_word' id='word_1_242' title='bbox 892 3311 951 3371; x_wconf 90' lang='lat' dir='ltr'><strong>iliis</strong></span> 
     </span>
     <span class='ocr_line' id='line_1_38' title="bbox 136 3393 858 3475; baseline -0.004 -20"><span class='ocrx_word' id='word_1_243' title='bbox 136 3393 174 3456; x_wconf 83' lang='lat' dir='ltr'><strong>Et</strong></span> <span class='ocrx_word' id='word_1_244' title='bbox 194 3399 317 3475; x_wconf 88' lang='lat' dir='ltr'><strong>strepitu</strong></span> <span class='ocrx_word' id='word_1_245' title='bbox 337 3405 367 3456; x_wconf 92' lang='lat' dir='ltr'><strong>et</strong></span> <span class='ocrx_word' id='word_1_246' title='bbox 388 3396 464 3456; x_wconf 89' lang='lat' dir='ltr'><strong>iaoie</strong></span> <span class='ocrx_word' id='word_1_247' title='bbox 483 3396 600 3457; x_wconf 84' lang='lat' dir='ltr'><strong>maioris</strong></span> <span class='ocrx_word' id='word_1_248' title='bbox 620 3396 721 3456; x_wconf 84' lang='lat' dir='ltr'><strong>rivere</strong></span> <span class='ocrx_word' id='word_1_249' title='bbox 742 3413 858 3456; x_wconf 88' lang='lat' dir='ltr'><strong>census.</strong></span> 
     </span>
     <span class='ocr_line' id='line_1_39' title="bbox 135 3476 938 3559; baseline -0.005 -21"><span class='ocrx_word' id='word_1_250' title='bbox 135 3479 197 3540; x_wconf 83' lang='lat' dir='ltr'><strong>Sed</strong></span> <span class='ocrx_word' id='word_1_251' title='bbox 219 3481 305 3541; x_wconf 85' lang='lat' dir='ltr'><strong>tinem</strong></span> <span class='ocrx_word' id='word_1_252' title='bbox 325 3481 474 3559; x_wconf 83' lang='lat' dir='ltr'><strong>impensae</strong></span> <span class='ocrx_word' id='word_1_253' title='bbox 498 3495 555 3540; x_wconf 90' lang='lat' dir='ltr'><strong>non</strong></span> <span class='ocrx_word' id='word_1_254' title='bbox 576 3488 673 3540; x_wconf 86' lang='lat' dir='ltr'><strong>servat</strong></span> <span class='ocrx_word' id='word_1_255' title='bbox 689 3478 813 3557; x_wconf 76' lang='lat' dir='ltr'><strong>prodigo</strong></span> <span class='ocrx_word' id='word_1_256' title='bbox 836 3476 938 3538; x_wconf 77' lang='lat' dir='ltr'><strong>Roma.</strong></span> 
     </span>
     <span class='ocr_line' id='line_1_40' title="bbox 177 3566 923 3624; baseline -0.004 0"><span class='ocrx_word' id='word_1_257' title='bbox 177 3583 225 3624; x_wconf 89' lang='lat' dir='ltr'><strong>ruv</strong></span> <span class='ocrx_word' id='word_1_258' title='bbox 256 3583 317 3624; x_wconf 76' lang='lat' dir='ltr'><strong>sur.</strong></span> <span class='ocrx_word' id='word_1_259' title='bbox 905 3566 923 3621; x_wconf 80' lang='lat'>4</span> 
     </span>
    </p>
   </div>
   <div class='ocr_carea' id='block_1_5' title="bbox 0 0 1301 3946">
    <p class='ocr_par' dir='ltr' id='par_1_23' title="bbox 0 0 1301 3946">
     <span class='ocr_line' id='line_1_41' title="bbox 0 0 1301 3946; baseline 0 0"><span class='ocrx_word' id='word_1_260' title='bbox 0 0 1301 3946; x_wconf 95' lang='lat' dir='ltr'><strong> </strong></span> 
     </span>
    </p>
   </div>
  </div>
 </body>
</html>
