2582 3950
191 215 232 277 26
521 224 556 271 o.
579 223 651 270 ruu.
674 221 862 302 ruvrauuura

191 365 307 426 Instruit
329 380 402 441 orgo
424 362 521 424 ionum
543 362 709 441 provincia:
733 363 853 427 sumitur
873 361 953 424 iiiino

190 448 277 524 Quod
301 455 434 526 captator
454 445 798 522 emathaenas,Aurelia
820 445 937 508 vendat.

189 532 306 593 Virroni
328 549 464 594 muraena
486 530 587 607 datur,
615 547 691 610 quae
710 530 834 591 maxima
855 531 935 592 veuit

191 615 311 693 Gurgite
333 612 370 675 de
391 613 507 684 Siouim
531 632 596 678 nam
618 613 684 677 dum
707 629 740 674 se
762 614 892 674 eontinet
915 612 1053 700 bostar„

189 699 264 760 Dum
288 699 374 760 sedet
396 707 426 760 ot
447 700 540 765 siooat
559 696 688 763 uento
710 697 883 760 boaroara
906 698 1018 776 piratas,

191 780 383 845 Contemnunt
404 782 527 844 mediam
547 781 702 842 temeraria
725 779 782 846 lina
805 777 994 856 Charybdim:

189 867 253 928 Vos
274 865 401 946 argutia
424 873 520 930 manet
541 863 647 940 longae
669 872 795 941 nonnata
817 864 971 941 colubrae,

190 951 249 1012 Aut
269 951 368 1029 glaeie
389 965 528 1029 aspersus
551 946 673 1010 maoulis
695 945 849 1016 Tiberiana
872 959 902 1009 et
923 950 988 1028 ipso

190 1034 319 1096 vernula
340 1035 482 1113 riparum,
506 1031 623 1110 pinguia
650 1040 781 1093 torrente
803 1031 908 1094 oiaaoa

189 1119 228 1181 Et
250 1119 354 1179 solitus
375 1114 489 1176 mediae
515 1123 647 1194 cryptam
668 1123 827 1193 penetrare
851 1115 994 1178 Suburae.

232 1203 292 1282 Ipsi
317 1217 410 1280 pauoa
430 1198 534 1275 solinu,
558 1197 676 1264 nortun
699 1198 889 1279 uiprantem
911 1217 1025 1264 aaran:

188 1285 281 1348 Nemo
304 1283 392 1363 petit,
416 1282 538 1346 modieis
562 1299 638 1362 quae
660 1282 847 1346 mittebantur
868 1284 968 1346 aminis

188 1370 217 1430 A
238 1369 372 1444 Serena,
396 1384 471 1446 qaue
495 1366 563 1430 Piso
586 1365 695 1443 bouus,
717 1384 795 1446 quaa
819 1364 906 1434 Cotta
929 1366 1047 1428 solebat

188 1452 316 1529 Largiri;
342 1468 466 1530 namque
490 1459 521 1512 ot
541 1450 631 1513 titulis
654 1460 684 1511 et
705 1450 835 1516 iaaoibam
858 1451 926 1512 oiim

188 1535 282 1597 blaior
303 1533 466 1596 habebatur
487 1533 611 1596 donandi
637 1534 747 1612 gloria:
771 1534 865 1596 solum

188 1617 356 1696 Posuimus,
379 1627 409 1678 ut
432 1635 544 1680 ooenes
566 1617 705 1687 ciuilitem
751 1618 809 1680 bon
830 1618 898 1682 tane
921 1626 951 1678 et
972 1625 1050 1694 esto,

188 1701 278 1780 Esto,
302 1711 333 1762 ut
353 1719 431 1762 nuno
450 1700 548 1778 multi,
572 1701 744 1778 divertitur,
767 1719 881 1781 pauper
905 1700 1022 1766 aminis!

204 1789 207 1793 '
231 1787 354 1847 Anseris
379 1793 445 1847 aute
468 1787 562 1865 ipsum
582 1789 678 1864 magni
701 1788 799 1862 ieeur,
824 1785 975 1852 anseribus
997 1802 1051 1863 aar

189 1870 288 1932 Altiiis
311 1879 342 1932 et
362 1869 429 1932 bari
451 1868 554 1950 diguus
576 1869 657 1931 ferro
679 1869 822 1948 Meleagri

170 1955 290 2018 ‘Fumat
310 1972 397 2035 opem
421 1963 490 2033 post
512 1953 589 2016 buno
611 1954 761 2018 tradentur
783 1953 903 2029 rubus,
926 1954 951 2014 si
972 1970 1025 2012 rer

190 2039 272 2101 'iuno
295 2040 351 2101 erit
386 2048 416 2099 et
446 2039 554 2100 iaoinnt
575 2047 674 2117 optata
696 2039 820 2104 tonitrua
846 2055 955 2100 ooenaa

188 2123 327 2185 Maiores.
371 2121 437 2183 Tibi
459 2122 536 2184 babo
557 2122 747 2200 trumentum,
771 2121 906 2185 alluitur
928 2122 1029 2200 inquit,

190 2207 214 2266 0
234 2205 339 2282 Libye;
364 2205 497 2284 disiunge
519 2205 633 2282 borea,
656 2207 723 2268 dum
743 2205 848 2268 tubera
872 2204 1038 2268 nitas!-

189 2291 370 2352 Struotorem
394 2291 523 2367 interea,
544 2309 582 2350 ne
604 2307 661 2369 qua
685 2289 843 2367 indignatio
865 2289 952 2366 desit,

189 2374 348 2437 saltantem
369 2383 489 2452 rpentes
509 2384 539 2436 at
558 2374 778 2436 obironomurta
798 2373 909 2435 volanti

190 2456 340 2536 Cultello,
366 2457 462 2519 donee
484 2467 608 2537 peragat
627 2458 736 2522 dietata
757 2457 889 2536 magistri

189 2540 306 2612 Omnia;
328 2539 383 2602 ueo
405 2542 522 2603 minimo
544 2559 617 2606 saun
636 2542 803 2606 disorimioe
824 2541 927 2619 refert,

189 2626 361 2704 Quoqestu
383 2625 505 2706 lepores
528 2636 558 2687 et
580 2643 637 2704 quo
659 2626 769 2704 gallina
790 2634 918 2687 senetur.

188 2709 313 2770 liuoeris
335 2709 451 2790 planta,
472 2709 554 2771 reiut
573 2711 651 2772 tems
674 2709 711 2770 ab
729 2708 858 2770 Heroule
882 2705 989 2783 canus,
1131 2715 1183 2770 lit

187 2791 226 2854 nt
247 2810 360 2873 ponera
381 2793 470 2870 ioris,
498 2791 613 2872 siquid
636 2793 826 2870 temptaveris
849 2807 982 2868 umquam

187 2876 326 2955 Hiscere,
347 2887 492 2957 tamquam
512 2875 623 2938 babeas
647 2877 701 2938 tria
721 2876 844 2936 nomina.
891 2871 1012 2948 Quando
1034 2871 1172 2952 propiunt

187 2960 275 3022 Virro
296 2962 349 3023 tibi
373 2963 496 3022 sumitve
518 2961 575 3022 tuis
599 2967 732 3020 oontuota
752 2957 870 3020 labellis

187 3041 319 3106 ronuta?
343 3048 407 3123 quis
428 3053 557 3105 vestrum
579 3044 752 3104 temerarius
773 3060 867 3122 usqne
889 3041 982 3121 adeo,
1005 3043 1068 3121 quis

187 3129 338 3205 Perditus‚
363 3137 394 3189 ut
416 3127 494 3189 dium
515 3128 595 3205 regi:
618 3125 710 3187 bibet
752 3126 878 3190 Plurima
898 3133 979 3203 sunt,
1004 3143 1079 3205 quae
1129 3134 1182 3190 1³0

187 3212 253 3273 Non
275 3209 382 3273 audent
404 3209 537 3271 homiues
557 3219 677 3290 pertusa
699 3209 801 3278 dinero
822 3211 924 3281 laeua;

188 3293 405 3373 Quadringenta
424 3294 476 3356 tibi
498 3297 524 3355 si
548 3296 612 3374 quis
634 3295 707 3356 deos
729 3303 779 3358 aut
800 3295 901 3356 similis
922 3293 967 3356 dis

186 3377 225 3438 Et
247 3377 352 3438 melior
375 3378 442 3439 istis
462 3378 586 3440 donaret
604 3379 775 3457 homunoio,
802 3387 928 3460 quartus

186 3459 233 3520 Er
255 3460 364 3540 nihilo,
389 3473 512 3542 quartus
535 3465 623 3526 fleres
645 3464 780 3526 Virronis
803 3461 928 3524 ominus!

186 3543 231 3606 Da
253 3543 376 3609 Trebio!
400 3564 478 3624 poue
499 3549 536 3609 ad
558 3547 708 3610 Trebium!
729 3549 775 3609 uis
797 3547 888 3610 irater
907 3545 943 3608 ab
964 3544 1036 3624 ipsis
1131 3551 1182 3607 lat
