2590 3946
518 246 645 294 SA'HRA
666 247 730 295 111.

131 385 290 450 lecticuli:
314 385 389 446 adeo
412 384 584 446 medicatum
606 384 752 466 intellegit
761 386 878 462 inguen.

133 471 273 546 Fundite,
294 485 370 550 quae
392 485 456 530 mea
476 477 557 545 sunt,
579 467 713 544 dicebat,
738 477 858 544 cunda,
881 467 1022 548 cautius,

133 555 332 634 Praecipitare
351 552 456 614 volens
477 555 563 613 etiam
585 551 796 632 pulcherrima,
815 561 928 618 vestem

133 639 327 718 Purpuream,
347 637 457 697 teneris
477 652 595 715 qnoque
616 634 835 700 llaeeeeelibus
856 645 962 715 aptam,
1081 699 1083 706 ,

133 724 231 802 Atque
251 721 339 797 alias,
361 737 480 800 quarum
500 719 642 798 generosi
663 721 801 798 mammis
820 721 916 800 ipsum

133 806 239 867 Infecit
259 813 360 865 natura
381 819 489 884 pesum
513 803 566 864 aad
589 811 619 864 et
640 806 779 882 egregius
801 804 868 866 lons

132 890 250 951 Viribus
274 888 397 949 occultis
420 896 450 948 et
470 887 606 950 Baeticus
628 887 744 949 adiuvat
761 906 823 950 aer.

133 973 188 1034 llle
209 990 266 1034 nec
287 980 437 1049 argentum
459 969 610 1032 dubitabat
629 971 760 1048 mittere,
783 972 883 1034 lances
958 1008 963 1014 -

134 1057 289 1118 Parthenio
307 1055 417 1132 iactas,
440 1072 530 1116 urnae
553 1061 668 1116 cmtera
687 1073 827 1135 capacem

133 1139 171 1201 lac
193 1140 309 1218 dignum
330 1140 445 1200 sitiente
466 1138 559 1200 Pholo
581 1137 630 1200 sel
653 1139 777 1218 coniuge
799 1137 904 1214 Fusci,

16 1264 17 1270 κ
133 1224 218 1285 Adde
239 1231 269 1285 et
290 1223 453 1285 bascaudas
474 1231 504 1283 et
525 1222 603 1284 miile
623 1223 754 1299 escaria,
776 1222 895 1286 multum

15 1359 16 1386 ,
133 1307 263 1384 Caelati,
286 1306 401 1368 biberat
420 1323 479 1388 quo
501 1305 623 1375 callidus
645 1315 758 1386 emptor
780 1305 907 1383 Olpnilri.

132 1391 195 1453 Sed
216 1392 281 1470 quis
302 1407 378 1451 cunc
400 1389 488 1467 alius,
511 1407 568 1470 qua
590 1390 686 1452 mundi
708 1399 792 1471 parte
812 1391 876 1470 qais
895 1392 983 1458 audet

133 1475 267 1552 Argenta
284 1475 436 1554 praeierre
459 1481 546 1554 caput
567 1473 715 1553 rebusque
738 1471 882 1538 salutem?

135 1557 347 1640 [Nonprcpter
364 1557 451 1618 vitam
469 1557 578 1620 iaciunt
599 1559 770 1638 patrimonia
791 1557 917 1638 qnidam,

135 1642 195 1703 Sed
217 1641 288 1702 vitio
310 1643 392 1703 caeci
413 1651 536 1722 prepter
557 1643 728 1721 patrimonia
747 1643 875 1722 dsunt]

133 1725 260 1787 lactatur
279 1743 375 1787 rerum
395 1725 504 1786 utilium
525 1743 594 1805 pars
614 1728 754 1802 maxima,
775 1727 829 1788 sed
851 1745 909 1791 nee

133 1809 244 1871 Damna
264 1810 375 1878 levana
398 1817 466 1870 tunc
488 1808 621 1869 adversis
640 1807 812 1888 aspectibus
833 1809 904 1874 illuc

135 1893 285 1970 Reccidit,
306 1901 337 1953 ut
358 1891 461 1953 malurn
483 1891 564 1953 tenc
586 1893 793 1968 tramitteret,
816 1910 852 1952 au
874 1911 908 1954 se

133 1976 271 2057 Explicat
293 1984 459 2055 angumum:
483 1975 653 2042 discriminis
672 1975 784 2051 ultima,
809 1971 924 2053 quaudo

134 2059 282 2122 Praesidio
304 2061 449 2122 aderimus
469 2077 572 2122 navem
593 2060 705 2122 iactura
726 2060 876 2122 miserem.

133 2144 244 2206 lnunc
266 2154 296 2206 et
316 2145 411 2209 uentis
433 2146 554 2207 animam
577 2145 738 2221 committe,
762 2143 862 2206 dolato

134 2227 270 2290 conlisus
290 2229 388 2307 ligno,
411 2229 508 2307 digitis
530 2244 546 2290 a
567 2237 661 2290 nocte
680 2235 810 2290 ramnum

134 2312 278 2387 Quattuor
299 2321 347 2374 aut
368 2321 497 2392 acptum,
520 2313 545 2372 si
567 2314 604 2373 sit
625 2312 763 2374 latissima
780 2310 884 2386 nedae

134 2396 204 2457 linx
224 2415 288 2458 cum
306 2397 438 2456 reticulis
457 2406 486 2456 et
504 2413 579 2474 pane
602 2405 633 2457 et
653 2405 756 2458 ventre
778 2395 903 2473 lagonae
1089 2406 1124 2462 60

135 2480 245 2559 Aspice
268 2478 421 2541 sumendas
443 2480 668 2558 intempestate
690 2497 821 2542 secares.

100 2627 101 2631 ,
133 2563 195 2624 Sed
217 2573 369 2644 postquam
389 2564 476 2624 iacuit
496 2562 612 2642 pianum
632 2580 728 2639 marc,
748 2571 884 2642 tempera
900 2571 1054 2643 postquam

134 2648 281 2726 Prospera
301 2648 431 2709 vectoris
452 2647 600 2727 fatumque
619 2645 762 2708 velandas
784 2663 856 2710 aero

134 2729 172 2790 Et
192 2730 317 2810 pelago,
340 2739 494 2812 postquam
513 2732 623 2792 Parcae
643 2731 764 2794 meliora
786 2731 912 2810 benigne

134 2813 227 2876 Pensa
247 2833 332 2876 manu
353 2815 459 2878 ducunt
481 2814 589 2878 hilares
611 2824 641 2876 et
659 2815 787 2877 stamiuds
808 2815 869 2877 albi
1089 2824 1124 2879 65

133 2896 293 2976 Lanificae,
314 2899 428 2960 modica
445 2917 501 2961 nec
521 2899 639 2960 multum
659 2899 762 2961 fortior
780 2917 848 2960 aura

132 2981 245 3042 Ventus
266 2983 365 3044 adest:
385 2984 464 3063 inopi
483 2982 657 3044 miserabilis
677 2992 741 3044 arte
763 2983 889 3044 cucurrit

132 3064 271 3126 Vestibus
294 3068 424 3127 extensis
447 3074 493 3143 et,
517 3067 595 3145 quod
613 3073 804 3145 superaverat
824 3083 921 3145 unum,

132 3148 209 3210 Velo
233 3165 320 3229 prora
342 3168 405 3211 suc.
447 3148 507 3211 lam
524 3149 727 3212 deicientibus
747 3149 852 3212 anetus

133 3233 210 3311 Spes
232 3235 309 3295 vitae
332 3252 395 3295 cnm
418 3233 483 3295 scie
501 3232 591 3307 redit;
614 3244 683 3296 tanc
703 3242 803 3314 gratus
825 3233 888 3298 laio

133 3317 230 3396 Atque
251 3320 402 3381 novercali
424 3318 513 3380 sedes
535 3318 666 3398 praelata
687 3318 795 3380 basino

133 3396 319 3479 Conspicitur
340 3402 470 3464 sublimis
491 3419 587 3482 apex,
608 3405 654 3464 cui
675 3402 795 3465 candida
817 3419 922 3466 nomen

130 3482 238 3544 Scroia
260 3483 354 3562 dedit,
376 3485 462 3548 laetis
484 3487 646 3564 Pbrygibus
668 3484 799 3547 mirabile
823 3504 934 3562 sumen,

174 3587 230 3629 ruv.
253 3588 314 3628 ssa.
897 3579 914 3633 6
