2590 3946
525 250 649 298 sanans
669 252 744 300 vnr.
1085 245 1126 306 53
1188 221 1189 226 ¹

141 388 310 470 {Coruinum
332 399 362 451 et
383 388 502 451 Galbam
522 388 658 450 auriculis
676 407 807 469 nasoque
828 390 994 452 carentem?
1106 408 1122 462 ε

140 472 213 548 Quis
234 472 361 550 fructus,
384 474 503 550 generis
526 471 622 533 tabula
643 474 753 534 iactare
774 475 887 554 capaci]

141 554 312 634 Corvinum,
336 556 458 635 postbac
477 557 564 617 multa
587 557 757 634 contingere
778 557 861 634 uirga

138 639 283 701 Fumosos
304 641 430 720 equitnm
451 657 515 701 cnm
535 641 678 700 dictatore
695 642 866 718 magistros,

139 725 171 784 Si
194 741 293 785 coram
313 722 433 802 Lepidis
454 722 529 784 male
548 721 674 784 vivitur?
697 724 811 801 effigies
830 740 889 802 quo

139 807 196 867 'lot
218 806 408 882 bellatorum,
431 808 455 866 si
477 807 582 867 luditur
604 806 670 867 alsa
690 824 803 886 pernox

139 890 217 950 Ante
238 887 448 950 Numantinos?
469 892 494 950 si
516 891 641 951 dormire
663 892 766 969 incipis
789 898 853 950 ortu

138 971 281 1049 Luciferi,
303 991 359 1052 quo
381 975 464 1051 signa
486 973 576 1036 duces
599 981 628 1032 et
650 984 745 1035 castra
767 971 944 1036 movebant?

139 1053 200 1115 Gur
222 1054 424 1135 Allobrogicis
447 1065 476 1119 et
494 1073 598 1134 magna
618 1058 746 1134 gaudeat
766 1076 816 1118 ara

139 1138 231 1199 Natus
254 1140 283 1198 in
303 1139 451 1212 Herculeo
473 1137 580 1200 Fabius
599 1140 680 1216 lare,
704 1142 729 1200 si
751 1141 891 1220 cupidus,
915 1142 940 1201 si

138 1223 238 1282 Vanus
261 1229 290 1282 et
310 1221 451 1301 Euganea
473 1223 652 1302 quantumvis
674 1223 791 1286 mollior
812 1222 910 1301 agua?

139 1307 171 1365 Si
194 1315 326 1366 tenerum
347 1308 459 1368 attritus
481 1303 628 1367 Catinensi
650 1309 765 1386 pumice
785 1306 910 1367 lumbum

140 1389 316 1468 Squalentes
331 1390 457 1451 traducit
476 1407 547 1450 avos
570 1399 742 1469 emptorque
763 1391 867 1452 veneni

139 1471 312 1549 Frangenda
332 1475 465 1534 miseram
487 1473 616 1536 funestat
636 1473 761 1552 imagine
780 1471 921 1552 gentem?

140 1554 215 1616 'lota
236 1555 306 1616 licet
328 1566 447 1618 veteres
468 1565 611 1618 exornent
631 1557 757 1636 undique
780 1575 867 1618 cerae
903 1567 909 1578 ¹

139 1639 238 1715 Atria,
258 1638 394 1701 nobilitas
416 1639 478 1702 sola
501 1649 547 1702 est
567 1650 653 1720 atquo
675 1643 759 1701 unica
777 1643 878 1702 uirtus.

139 1721 246 1782 Paulus
267 1723 317 1782 vel
341 1722 451 1784 Cossus
474 1724 522 1785 rel
542 1723 655 1784 Drusus
674 1724 803 1786 moribus
822 1734 903 1794 esto;

140 1805 203 1866 llos
224 1814 290 1866 ante
311 1806 427 1884 efligies
446 1809 585 1868 maiorum
605 1824 684 1886 pone
706 1817 837 1878 tuorum;

141 1887 324 1950 Praecedant
346 1891 425 1969 ipsas
448 1890 489 1950 illi
510 1895 540 1950 te'
560 1890 681 1951 consule
703 1891 812 1968 virgas.

131 1967 233 2049 ‚Prima
254 1973 322 2034 mihi
343 1973 437 2034 debes
460 1975 543 2034 animi
564 1973 657 2044 bona;
682 1982 799 2035 sanctus
819 1973 922 2036 baberi

140 2051 436 2136 iustitiaeque‘tonax
457 2057 542 2118 factis
564 2057 707 2138 dictisque
728 2059 867 2118 mereris:

141 2138 282 2216 Agnosco
306 2157 472 2218 procerem.
517 2141 622 2218 Salve,
647 2141 815 2218 Gaetulice,
838 2160 890 2202 seu
913 2150 942 2201 tu

142 2221 270 2282 brianus:
291 2240 473 2304 quocumque
495 2225 553 2285 alio
575 2226 611 2286 de
632 2226 770 2302 sanguiue
791 2243 875 2286 rarus

142 2303 222 2365 Civis
244 2313 273 2365 et
295 2309 434 2384 egregius
455 2309 567 2387 patriae
588 2310 732 2386 contingis
752 2310 865 2383 ovanti,

140 2386 313 2450 Exclamare
332 2388 420 2466 libet,
442 2392 571 2469 populus
589 2391 665 2471 quod
689 2391 792 2452 clamat
815 2389 891 2450 Osiri

141 2469 271 2532 Invento.
317 2470 389 2546 Quis
409 2473 486 2533 enim
504 2490 680 2550 generosum
702 2473 807 2534 dixerit
826 2473 917 2552 bunc,
939 2475 988 2553 qui
1094 2482 1129 2538 ³0

140 2553 276 2632 Indignus
294 2571 406 2634 genere
428 2564 458 2615 et
479 2556 632 2634 praeclaro
654 2556 769 2616 nomine
791 2565 899 2617 tantum

141 2635 287 2716 lnsignisl
309 2657 412 2702 nanum
435 2639 581 2700 cuiusdam
596 2638 715 2700 Atlanta
736 2657 886 2718 vocamus,

141 2721 318 2800 Aethiopem
334 2727 480 2802 cycnum,
501 2741 619 2803 pravam
643 2733 843 2804 extortamque
865 2723 991 2804 puellam

140 2803 295 2884 Europen3
319 2806 437 2868 canibus
459 2807 552 2887 pigris
571 2806 730 2888 scabicque
752 2817 867 2870 vetusta

140 2887 267 2950 Levibus
290 2899 319 2950 et
341 2892 440 2952 siccae
460 2891 651 2964 lambentibus
674 2909 726 2952 ora
748 2892 887 2953 lucernae
1093 2899 1128 2953 35

141 2970 255 3032 Nomen
274 2975 328 3033 erit
350 2975 475 3054 pardus,
497 2975 596 3052 tigris,
621 2975 686 3051 leo,
710 2976 734 3034 si
752 2975 820 3052 quid
837 2973 931 3034 adbuc
953 2982 998 3034 est

143 3053 229 3127 Quod
245 3054 348 3117 iremat
369 3059 403 3116 in'
415 3059 502 3118 terris
521 3054 698 3119 violentius?
741 3056 822 3134 Ergo
845 3055 965 3117 cavebis

142 3137 180 3197 Et
201 3147 329 3215 molnes,
353 3159 390 3200 nc
412 3149 441 3200 tu
464 3143 507 3200 sic
528 3138 661 3201 Creticus
683 3148 731 3200 aut
753 3138 932 3202 Camerinus.

184 3221 237 3281 llis
259 3239 316 3299 ego
339 3240 424 3302 quem
445 3221 563 3284 monui?
590 3232 685 3283 tecum
702 3232 747 3284 est
764 3224 833 3285 milri
855 3242 969 3300 sermo,
990 3223 1107 3284 Rubelli

140 3303 262 3365 Blande.
307 3304 413 3367 lumea
435 3306 495 3368 alto
515 3306 675 3367 Drusorum
697 3317 865 3386 stemmate,
886 3318 1031 3388 tamquam
1094 3315 1130 3368 lo

140 3385 262 3449 Feceris
283 3389 349 3468 ipse
371 3390 494 3471 aliquid,
513 3390 730 3470 propterquod
752 3391 858 3452 nobilis
881 3410 976 3467 esses,

140 3469 179 3532 llt
200 3481 229 3533 te
247 3474 434 3552 conciperet,
457 3491 532 3556 quae
555 3475 694 3550 sangnine
714 3473 808 3550 fulget
827 3473 893 3549 Iuli,
