2582 3950
178 227 218 290 30
523 239 559 285 n.
581 237 653 286 run.
675 237 864 288 manneus

177 378 374 440 chironomon
395 375 502 437 ledam
520 375 602 438 molli
624 375 748 438 saltante
769 377 916 454 Bathyllo,

176 462 284 524 Tuccia
309 463 408 522 resi·x
449 476 508 520 non
527 461 667 540 imperat;
690 461 807 540 Appula
827 465 937 539 gannit,

176 549 258 608 Sicut
277 548 306 606 in
328 545 481 624 amplexa,
507 544 639 606 suhidum
659 553 690 604 et
709 545 890 615 miserabile;
915 546 1033 624 longum
1132 559 1172 614 aa

175 630 308 692 Attendit
330 627 488 706 l'lrpmeln;
512 627 653 704 'Plrpmele
675 637 743 688 tunc
764 629 872 690 rustica
894 630 990 692 discit.

174 715 231 775 Ast
253 714 347 791 aliae,
371 713 487 792 quoties
509 712 611 776 aulaea
633 711 785 772 recondita
809 723 938 790 cassant,

175 798 212 859 llt
235 815 330 859 vacuo
354 796 514 874 clausoque
536 803 641 856 sonant
664 794 729 856 iura
751 795 816 858 sola
837 797 964 875 theatro,

175 883 273 962 litque
295 901 312 943 a
334 881 462 942 Plebeiis
483 876 775 957 longamspatam,
798 881 899 942 tristes

174 967 332 1028 Personam
352 965 540 1041 thyrsumque
565 972 669 1024 teuent
687 971 719 1024 ct
739 963 872 1041 subligar
893 966 978 1028 Aeci.
1133 975 1170 1031 to

174 1050 299 1112 Urbicus
323 1048 430 1108 exodio
452 1047 543 1106 risum
563 1056 663 1108 movet
685 1047 843 1110 Atellanae

175 1134 311 1196 Gentibus
333 1131 500 1192 Autonoes:
522 1129 599 1192 huno
622 1131 717 1209 diligit
739 1131 826 1194 Aelia
848 1129 971 1212 pauper.

173 1218 303 1279 Solvitur
323 1214 368 1275 lris
389 1231 495 1293 magno
516 1215 651 1276 comoedi
673 1215 777 1285 thuim
798 1226 864 1277 sunt
885 1235 961 1296 quae

174 1300 397 1378 Chrysogonum
420 1308 538 1360 caatme
556 1307 670 1367 vetent:
694 1297 829 1378 Hispulla
849 1303 993 1380 tragoedo

174 1383 303 1447 Gaudet:
331 1401 367 1443 au
389 1392 565 1463 exspectas,
585 1391 617 1444 ut
639 1382 831 1456 Quintilianus
854 1383 986 1450 ametur?
1131 1395 1168 1452 75

173 1468 293 1548 Accipis
315 1483 455 1544 uxorem,
479 1467 517 1528 do
539 1483 597 1546 qun
621 1467 809 1529 citharoedus
830 1467 946 1530 Echion

172 1553 231 1613 Ant
253 1550 418 1631 Glaphyrus
438 1552 489 1614 iiat
509 1559 595 1630 pater
615 1550 848 1632 Ambrosiusque
870 1552 1036 1618 choraules.

173 1635 272 1714 longa
295 1653 349 1715 per
371 1644 512 1713 angustos
535 1635 656 1712 ligamus
676 1635 789 1714 pulpita
809 1637 905 1714 nicos,

172 1720 318 1781 Ornentur
341 1729 444 1798 postes
468 1728 500 1780 et
520 1718 624 1796 grasmi
644 1721 730 1782 ianua
749 1718 845 1797 lauro,

172 1805 211 1867 Ut
226 1804 393 1866 testudineo
416 1803 469 1863 tibi
476 1847 485 1879 ‚
510 1802 651 1879 Lentule,
675 1820 812 1882 conopeo
1128 1817 1171 1872 80

171 1888 287 1950 Nobilis
310 1886 467 1964 Euryalum
489 1887 693 1948 mirmillonem
715 1889 859 1966 exprimat
884 1887 987 1948 inians.

171 1973 267 2053 Nupta
297 1974 426 2032 senatori
449 1973 584 2034 comitata
606 1981 652 2032 est
674 1970 769 2051 Eppia
793 1971 901 2032 ludium

172 2058 218 2118 Ad
241 2056 356 2117 Pharon
379 2065 409 2117 et
430 2055 527 2116 Nilum
548 2055 720 2135 famosaque
743 2056 859 2116 moenia
879 2054 963 2134 lagi,

172 2141 307 2218 Prodigia
330 2149 360 2200 et
381 2157 480 2200 meres
505 2139 586 2200 urbis
608 2140 762 2201 damnante
786 2136 918 2219 Canopo.

171 2224 325 2285 Immemor
346 2222 396 2283 illa
419 2223 520 2283 domus
544 2233 575 2283 et
597 2225 729 2301 coniugis
752 2231 839 2301 atque
862 2223 973 2286 sororis
1125 2233 1169 2304 ‚eo
1282 2213 1283 2220 ἵ

171 2308 220 2370 Nil
243 2309 354 2388 patriae
376 2307 511 2382 indulsit,
534 2307 747 2386 plorantesque
768 2306 900 2385 improba
920 2317 1016 2384 natos,

172 2392 269 2472 thue
292 2393 385 2469 magis
407 2400 541 2470 stupeas,
563 2390 650 2452 ludos
671 2389 864 2469 Paridemque
884 2391 1012 2472 reliquit.

173 2477 234 2538 Sed
257 2493 428 2555 quamquam
449 2477 478 2535 iu
499 2477 610 2554 magnis
632 2475 740 2555 opibus
761 2474 917 2556 plumaque
939 2484 1060 2555 paterna

172 2560 211 2621 Et
232 2561 420 2638 segmentatis
442 2559 600 2622 dormisset
617 2559 740 2638 parvula
760 2561 853 2636 cunis,

174 2642 504 2723 Contempsitpelaguss
518 2644 623 2704 famam
646 2653 863 2723 contempserat
885 2643 972 2718 olim,
1131 2651 1168 2706 90

175 2726 263 2788 Cuius
286 2727 363 2806 apud
384 2727 490 2788 molles
509 2729 624 2788 minima
646 2737 692 2787 est
713 2729 823 2788 iactura
846 2725 1010 2786 cathedras.

173 2811 342 2888 Tyrrhenos
365 2812 453 2889 igitur
475 2812 581 2872 fluctus
600 2810 719 2888 lateque
744 2818 896 2872 sonantem

172 2896 295 2958 Pertulit
316 2895 426 2956 lonium
449 2896 592 2957 constanti
614 2904 756 2972 pectore,
779 2893 910 2971 quamvis

172 2980 337 3040 Mutandum
357 2983 446 3040 toties
469 2988 550 3039 esset
570 2997 660 3039 mare.
705 2977 783 3038 Iusta
805 2975 909 3055 pericli

174 3066 204 3125 Si
229 3065 302 3124 ratio
325 3074 371 3124 est
393 3073 422 3124 et
442 3064 580 3140 honesta,
604 3063 704 3124 timent
725 3060 890 3140 pavidoque
911 3059 1044 3137 gelantur
1131 3069 1169 3124 95

174 3148 316 3226 Pectore,
341 3167 397 3209 nec
419 3149 549 3210 tremulis
571 3155 695 3226 possunt
715 3146 852 3206 insistere
874 3144 996 3224 plantis:

173 3231 292 3294 Fortem
315 3235 437 3293 animum
460 3239 609 3310 praestant
630 3229 734 3306 rebus,
758 3247 831 3308 quas
853 3229 976 3308 turpiter
999 3228 1114 3290 audeat.

175 3317 206 3377 Si
229 3316 327 3377 iubeat
341 3317 477 3392 coniunx,
496 3316 598 3377 durum
620 3324 665 3376 est
680 3314 883 3376 conscendere
904 3329 1023 3382 navem3

175 3399 256 3460 Punc
277 3400 388 3460 sentina
409 3400 525 3476 gravis,
548 3409 615 3460 tunc
638 3417 764 3460 summus
784 3399 906 3460 vertitur
928 3416 996 3458 aer:

175 3481 257 3557 Quae
274 3482 427 3543 moechum
447 3486 594 3563 sequitur,
618 3484 767 3546 stomacho
784 3483 876 3555 valen
894 3483 944 3544 illa
962 3481 1090 3542 maritum
1113 3490 1166 3544 1⁰0
