2590 3946
542 233 577 280 1).
600 231 671 280 IUN.
692 229 878 278 IUVEMLIS

502 582 543 684 u.
569 579 678 676 ruuu
701 501 925 679 impurus

623 759 801 838 hiiffliih’iid

386 895 1032 1025 suurnuuuu
1156 921 1164 937 „

576 1089 850 1166 LIBERTERTIUS.

617 1277 799 1288 *-

534 1394 769 1462 SATIRA
811 1395 886 1460 VH.

216 1491 261 1587 Et
283 1542 352 1604 spes
373 1534 402 1585 et
423 1525 497 1586 ratio
519 1526 677 1600 studiorum
699 1526 727 1586 in
749 1522 878 1598 Caesare
896 1532 1017 1597 tanturn:

216 1609 304 1673 Solus
325 1609 399 1668 enim
420 1610 520 1670 tristes
541 1609 596 1683 hac
619 1618 793 1687 tempestate
816 1606 959 1677 Camenas

215 1692 374 1770 Respexit,
397 1710 483 1772 quum
501 1695 556 1766 iam
579 1693 717 1754 celebres
738 1694 856 1771 notique
878 1699 986 1771 poetae

215 1775 385 1840 Balneolum
406 1774 520 1854 Gabiis,
542 1775 653 1850 Romae
674 1777 840 1848 conducere
861 1775 963 1836 furnos

216 1861 419 1939 Temptarcnt,
440 1878 496 1920 nec
518 1861 635 1933 foedum
655 1862 703 1932 alii
725 1879 781 1920 nec
803 1870 887 1938 turpe
911 1866 1045 1937 putarent
1186 1870 1207 1920 5

215 1945 381 2007 Praecones
401 1943 479 2015 iieri;
503 1963 589 2024 quum
610 1945 735 2016 desertis
756 1943 926 2024 Aganippes

214 2026 346 2089 Vaiiihus
366 2030 498 2090 esuriens
518 2030 657 2106 migraret
679 2030 707 2089 in
727 2029 798 2090 atria
819 2023 895 2087 Glio.

213 2111 286 2173 Nam
307 2112 332 2170 si
354 2111 447 2173 Pieria
471 2113 614 2192 quadrans
633 2113 686 2172 tihi
707 2112 804 2172 nulius
825 2113 853 2171 in
875 2109 975 2170 umbra

214 2194 405 2272 Ostendetur,
428 2213 508 2256 ames
529 2215 635 2257 nomen
655 2199 821 2275 victumque
841 2193 1016 2257 Machaerae

213 2277 251 2340 Et
271 2277 382 2340 vendas
401 2281 514 2363 potius,
539 2281 691 2342 commissa
712 2278 791 2360 quod
815 2280 911 2350 auctio
933 2276 1032 2336 vendit
1168 2289 1207 2342 lo

214 2363 378 2439 stantibus,
402 2365 619 2443 oenophorum,
641 2363 792 2446 tripodes,
814 2363 952 2437 armaria,
976 2360 1075 2438 cistas,

213 2447 372 2508 Alcithoen
391 2447 495 2524 Pacci,
520 2447 636 2509 Thebas
660 2458 690 2509 et
712 2447 808 2510 Terea
829 2444 937 2506 Fausti.

212 2529 276 2591 lioc
298 2532 406 2606 satius,
428 2550 513 2611 quam
535 2534 560 2593 si
581 2533 661 2593 dicas
683 2531 737 2592 suh
759 2532 871 2606 iudice,
893 2529 963 2605 vidi,

213 2613 300 2689 Quod
320 2631 379 2675 non
396 2615 508 2684 vidisti;
531 2616 638 2689 iaciant
661 2617 775 2696 equites
797 2614 912 2688 Bithyni

213 2695 392 2778 Quamquam
413 2707 442 2758 ct
465 2696 658 2777 Cappadoces
679 2700 786 2758 iaciant
808 2695 980 2776 equitesque
1001 2693 1113 2771 Asiani,
1169 2705 1206 2760 15
1284 2763 1285 2772 χ

211 2780 314 2843 Altera
338 2798 411 2861 quos
433 2781 509 2841 nudo
531 2782 655 2842 traducit
675 2779 768 2840 Gallia
787 2780 857 2840 talo.
1284 2783 1285 2848 i

210 2864 304 2926 Nemo
326 2874 422 2927 tamen
443 2864 545 2924 studiis
566 2863 712 2940 indignum
735 2863 814 2923 ferre
837 2862 969 2922 lahorem

212 2945 343 3026 Cogetur
363 2948 503 3028 posthac,
526 2948 615 3007 nectit
637 2947 809 3025 quicumque
833 2943 948 3006 canoris

209 3030 366 3112 Eloquium
387 3031 492 3092 vocaie
515 3030 609 3090 modis
626 3029 796 3109 laurumque
815 3028 978 3092 momordit.

209 3115 274 3177 Hoc
293 3117 387 3192 agite,
411 3133 428 3175 o
448 3114 584 3187 invenes!
607 3114 805 3192 circumspicit
827 3122 856 3174 ct
879 3112 1005 3173 stimulat
1028 3126 1083 3170 vos
1166 3121 1203 3174 20

210 3197 418 3276 Materiemque
438 3197 493 3259 sihi
513 3197 595 3259 ducis
619 3197 797 3275 indulgentia
820 3198 943 3277 quaerit.

209 3281 241 3340 Si
264 3297 320 3361 qna
342 3281 457 3342 aliunde
480 3291 564 3363 putas
585 3300 683 3344 rerum
704 3281 904 3360 exspectanda
925 3289 1034 3341 tuarum

208 3365 357 3428 Praesidia
380 3373 467 3445 utque
489 3368 555 3429 ideo
579 3385 703 3428 croceae
721 3366 886 3427 membrana
907 3364 1034 3426 tabellae

207 3448 363 3528 Impletur,
385 3449 529 3530 lignorum
551 3451 658 3531 aliquid
680 3466 773 3531 posce
794 3451 876 3512 ocius
899 3458 929 3510 ct
950 3467 1025 3528 quae
