<?xml version="1.0" encoding="UTF-8"?>
<!DOCTYPE html PUBLIC "-//W3C//DTD XHTML 1.0 Transitional//EN"
    "http://www.w3.org/TR/xhtml1/DTD/xhtml1-transitional.dtd">
<html xmlns="http://www.w3.org/1999/xhtml" xml:lang="en" lang="en">
 <head>
  <title>
</title>
<meta http-equiv="Content-Type" content="text/html;charset=utf-8" />
  <meta name='ocr-system' content='tesseract 3.04.00' />
  <meta name='ocr-capabilities' content='ocr_page ocr_carea ocr_par ocr_line ocrx_word'/>
</head>
<body>
  <div class='ocr_page' id='page_1' title='image "./satirarumlibriq01juvegoog_0074.png"; bbox 0 0 2582 3950; ppageno 0'>
   <div class='ocr_carea' id='block_1_1' title="bbox 525 265 1121 332">
    <p class='ocr_par' dir='ltr' id='par_1_1' title="bbox 525 265 1121 332">
     <span class='ocr_line' id='line_1_1' title="bbox 525 265 1121 332; baseline 0.002 -6"><span class='ocrx_word' id='word_1_1' title='bbox 525 277 650 329; x_wconf 80' lang='lat' dir='ltr'><strong>samua</strong></span> <span class='ocrx_word' id='word_1_2' title='bbox 672 277 720 326; x_wconf 86' lang='lat' dir='ltr'><strong>vr.</strong></span> <span class='ocrx_word' id='word_1_3' title='bbox 1083 265 1121 332; x_wconf 81' lang='grc'><strong>37</strong></span> 
     </span>
    </p>
   </div>
   <div class='ocr_carea' id='block_1_2' title="bbox 131 414 1125 747">
    <p class='ocr_par' dir='ltr' id='par_1_2' title="bbox 131 414 1012 494">
     <span class='ocr_line' id='line_1_2' title="bbox 131 414 1012 494; baseline 0 -18"><span class='ocrx_word' id='word_1_4' title='bbox 131 416 193 478; x_wconf 90' lang='lat' dir='ltr'><strong>lam</strong></span> <span class='ocrx_word' id='word_1_5' title='bbox 217 417 261 478; x_wconf 91' lang='lat' dir='ltr'><strong>las</strong></span> <span class='ocrx_word' id='word_1_6' title='bbox 284 425 343 485; x_wconf 85' lang='lat' dir='ltr'><strong>est;</strong></span> <span class='ocrx_word' id='word_1_7' title='bbox 370 416 488 477; x_wconf 77' lang='lat' dir='ltr'><strong>admitte</strong></span> <span class='ocrx_word' id='word_1_8' title='bbox 511 416 606 477; x_wconf 83' lang='lat' dir='ltr'><strong>viros!</strong></span> <span class='ocrx_word' id='word_1_9' title='bbox 622 449 663 461; x_wconf 90' lang='lat'><em>-</em></span> <span class='ocrx_word' id='word_1_10' title='bbox 681 414 741 475; x_wconf 89' lang='lat' dir='ltr'><strong>lam</strong></span> <span class='ocrx_word' id='word_1_11' title='bbox 761 415 865 477; x_wconf 84' lang='lat' dir='ltr'><strong>dormit</strong></span> <span class='ocrx_word' id='word_1_12' title='bbox 885 415 1012 494; x_wconf 77' lang='lat' dir='ltr'><strong>adulter,</strong></span> 
     </span>
    </p>

    <p class='ocr_par' dir='ltr' id='par_1_3' title="bbox 132 499 1125 747">
     <span class='ocr_line' id='line_1_3' title="bbox 132 499 1125 580; baseline 0 -21"><span class='ocrx_word' id='word_1_13' title='bbox 132 500 187 562; x_wconf 90' lang='lat' dir='ltr'><strong>Illa</strong></span> <span class='ocrx_word' id='word_1_14' title='bbox 205 501 286 561; x_wconf 88' lang='lat' dir='ltr'><strong>iubet</strong></span> <span class='ocrx_word' id='word_1_15' title='bbox 306 509 421 580; x_wconf 90' lang='lat' dir='ltr'><strong>sumpto</strong></span> <span class='ocrx_word' id='word_1_16' title='bbox 443 501 578 562; x_wconf 87' lang='lat' dir='ltr'><strong>iuvenem</strong></span> <span class='ocrx_word' id='word_1_17' title='bbox 600 516 763 579; x_wconf 85' lang='lat' dir='ltr'><strong>properare</strong></span> <span class='ocrx_word' id='word_1_18' title='bbox 786 499 918 568; x_wconf 77' lang='lat' dir='ltr'><strong>cucullo:</strong></span> <span class='ocrx_word' id='word_1_19' title='bbox 1072 510 1125 565; x_wconf 76' lang='lat'><strong>330</strong></span> 
     </span>
     <span class='ocr_line' id='line_1_4' title="bbox 134 583 944 669; baseline -0.004 -22"><span class='ocrx_word' id='word_1_20' title='bbox 134 589 165 647; x_wconf 90' lang='lat' dir='ltr'><strong>Si</strong></span> <span class='ocrx_word' id='word_1_21' title='bbox 188 584 258 669; x_wconf 57' lang='lat' dir='ltr'><strong>nihil</strong></span> <span class='ocrx_word' id='word_1_22' title='bbox 281 594 342 662; x_wconf 89' lang='lat' dir='ltr'><strong>est,</strong></span> <span class='ocrx_word' id='word_1_23' title='bbox 370 587 464 646; x_wconf 87' lang='lat' dir='ltr'><strong>servis</strong></span> <span class='ocrx_word' id='word_1_24' title='bbox 488 585 657 654; x_wconf 67' lang='lat' dir='ltr'><strong>incomitum</strong></span> <span class='ocrx_word' id='word_1_25' title='bbox 681 583 838 646; x_wconf 87' lang='lat' dir='ltr'><strong>abstuleris</strong></span> <span class='ocrx_word' id='word_1_26' title='bbox 861 601 944 663; x_wconf 91' lang='lat' dir='ltr'><strong>spem</strong></span> 
     </span>
     <span class='ocr_line' id='line_1_5' title="bbox 133 665 939 747; baseline -0.005 -16"><span class='ocrx_word' id='word_1_27' title='bbox 133 672 308 746; x_wconf 88' lang='lat' dir='ltr'><strong>Servorum,</strong></span> <span class='ocrx_word' id='word_1_28' title='bbox 330 670 411 729; x_wconf 81' lang='lat' dir='ltr'><strong>veuit</strong></span> <span class='ocrx_word' id='word_1_29' title='bbox 433 677 463 730; x_wconf 91' lang='lat' dir='ltr'><strong>et</strong></span> <span class='ocrx_word' id='word_1_30' title='bbox 485 665 645 731; x_wconf 89' lang='lat' dir='ltr'><strong>conductus</strong></span> <span class='ocrx_word' id='word_1_31' title='bbox 671 669 821 747; x_wconf 63' lang='lat' dir='ltr'><strong>aquarium</strong></span> <span class='ocrx_word' id='word_1_32' title='bbox 845 667 892 728; x_wconf 87' lang='lat' dir='ltr'><strong>hic</strong></span> <span class='ocrx_word' id='word_1_33' title='bbox 914 670 939 728; x_wconf 90' lang='lat' dir='ltr'><strong>si</strong></span> 
     </span>
    </p>
   </div>
   <div class='ocr_carea' id='block_1_3' title="bbox 78 750 1126 3604">
    <p class='ocr_par' dir='ltr' id='par_1_4' title="bbox 134 750 1047 832">
     <span class='ocr_line' id='line_1_6' title="bbox 134 750 1047 832; baseline -0.005 -15"><span class='ocrx_word' id='word_1_34' title='bbox 134 754 291 830; x_wconf 81' lang='lat' dir='ltr'><strong>Quaeritur</strong></span> <span class='ocrx_word' id='word_1_35' title='bbox 313 760 343 813; x_wconf 90' lang='lat' dir='ltr'><strong>et</strong></span> <span class='ocrx_word' id='word_1_36' title='bbox 364 751 641 830; x_wconf 80' lang='lat' dir='ltr'><strong>desunthomines,</strong></span> <span class='ocrx_word' id='word_1_37' title='bbox 664 769 746 813; x_wconf 90' lang='lat' dir='ltr'><strong>mora</strong></span> <span class='ocrx_word' id='word_1_38' title='bbox 767 750 846 812; x_wconf 92' lang='lat' dir='ltr'><strong>nulla</strong></span> <span class='ocrx_word' id='word_1_39' title='bbox 868 769 922 830; x_wconf 88' lang='lat' dir='ltr'><strong>per</strong></span> <span class='ocrx_word' id='word_1_40' title='bbox 944 754 1047 832; x_wconf 86' lang='lat' dir='ltr'><strong>ipsam,</strong></span> 
     </span>
    </p>

    <p class='ocr_par' dir='ltr' id='par_1_5' title="bbox 134 835 920 918">
     <span class='ocr_line' id='line_1_7' title="bbox 134 835 920 918; baseline -0.008 -18"><span class='ocrx_word' id='word_1_41' title='bbox 134 838 200 914; x_wconf 94' lang='lat' dir='ltr'><strong>Quo</strong></span> <span class='ocrx_word' id='word_1_42' title='bbox 224 840 317 898; x_wconf 91' lang='lat' dir='ltr'><strong>minus</strong></span> <span class='ocrx_word' id='word_1_43' title='bbox 341 838 477 918; x_wconf 90' lang='lat' dir='ltr'><strong>imposito</strong></span> <span class='ocrx_word' id='word_1_44' title='bbox 503 837 616 898; x_wconf 90' lang='lat' dir='ltr'><strong>clunem</strong></span> <span class='ocrx_word' id='word_1_45' title='bbox 638 838 794 898; x_wconf 88' lang='lat' dir='ltr'><strong>summittat</strong></span> <span class='ocrx_word' id='word_1_46' title='bbox 815 835 920 896; x_wconf 88' lang='lat' dir='ltr'><strong>asello.</strong></span> 
     </span>
    </p>

    <p class='ocr_par' dir='ltr' id='par_1_6' title="bbox 133 919 1125 1003">
     <span class='ocr_line' id='line_1_8' title="bbox 133 919 1125 1003; baseline -0.001 -20"><span class='ocrx_word' id='word_1_47' title='bbox 133 924 231 1003; x_wconf 82' lang='lat' dir='ltr'><strong>Atque</strong></span> <span class='ocrx_word' id='word_1_48' title='bbox 254 923 361 983; x_wconf 89' lang='lat' dir='ltr'><strong>utinam</strong></span> <span class='ocrx_word' id='word_1_49' title='bbox 383 925 454 983; x_wconf 87' lang='lat' dir='ltr'><strong>ritus</strong></span> <span class='ocrx_word' id='word_1_50' title='bbox 477 931 596 984; x_wconf 84' lang='lat' dir='ltr'><strong>veteres</strong></span> <span class='ocrx_word' id='word_1_51' title='bbox 620 930 651 982; x_wconf 88' lang='lat' dir='ltr'><strong>et</strong></span> <span class='ocrx_word' id='word_1_52' title='bbox 674 920 793 1001; x_wconf 87' lang='lat' dir='ltr'><strong>publica</strong></span> <span class='ocrx_word' id='word_1_53' title='bbox 815 919 920 980; x_wconf 87' lang='lat' dir='ltr'><strong>saltem</strong></span> <span class='ocrx_word' id='word_1_54' title='bbox 1072 928 1125 984; x_wconf 82' lang='grc'><strong>535</strong></span> 
     </span>
    </p>

    <p class='ocr_par' dir='ltr' id='par_1_7' title="bbox 132 1004 917 1084">
     <span class='ocr_line' id='line_1_9' title="bbox 132 1004 917 1084; baseline -0.004 -18"><span class='ocrx_word' id='word_1_55' title='bbox 132 1007 183 1066; x_wconf 88' lang='lat' dir='ltr'><strong>llis</strong></span> <span class='ocrx_word' id='word_1_56' title='bbox 205 1008 311 1069; x_wconf 89' lang='lat' dir='ltr'><strong>intacta</strong></span> <span class='ocrx_word' id='word_1_57' title='bbox 333 1007 416 1066; x_wconf 90' lang='lat' dir='ltr'><strong>malis</strong></span> <span class='ocrx_word' id='word_1_58' title='bbox 439 1015 596 1084; x_wconf 78' lang='lat' dir='ltr'><strong>agerentur</strong></span> <span class='ocrx_word' id='word_1_59' title='bbox 617 1023 716 1066; x_wconf 87' lang='lat' dir='ltr'><strong>sacra:</strong></span> <span class='ocrx_word' id='word_1_60' title='bbox 739 1004 792 1065; x_wconf 87' lang='lat' dir='ltr'><strong>sed</strong></span> <span class='ocrx_word' id='word_1_61' title='bbox 816 1021 917 1065; x_wconf 91' lang='lat' dir='ltr'><strong>omnes</strong></span> 
     </span>
    </p>

    <p class='ocr_par' dir='ltr' id='par_1_8' title="bbox 133 1088 982 1169">
     <span class='ocr_line' id='line_1_10' title="bbox 133 1088 982 1169; baseline -0.004 -19"><span class='ocrx_word' id='word_1_62' title='bbox 133 1089 284 1154; x_wconf 85' lang='lat' dir='ltr'><strong>Noverunt</strong></span> <span class='ocrx_word' id='word_1_63' title='bbox 305 1088 396 1149; x_wconf 80' lang='lat' dir='ltr'><strong>Mauri</strong></span> <span class='ocrx_word' id='word_1_64' title='bbox 419 1099 506 1169; x_wconf 88' lang='lat' dir='ltr'><strong>atque</strong></span> <span class='ocrx_word' id='word_1_65' title='bbox 529 1089 606 1166; x_wconf 91' lang='lat' dir='ltr'><strong>Indi,</strong></span> <span class='ocrx_word' id='word_1_66' title='bbox 631 1107 706 1168; x_wconf 90' lang='lat' dir='ltr'><strong>quae</strong></span> <span class='ocrx_word' id='word_1_67' title='bbox 730 1088 852 1168; x_wconf 87' lang='lat' dir='ltr'><strong>psaltria</strong></span> <span class='ocrx_word' id='word_1_68' title='bbox 877 1105 982 1167; x_wconf 90' lang='lat' dir='ltr'><strong>penem</strong></span> 
     </span>
    </p>

    <p class='ocr_par' dir='ltr' id='par_1_9' title="bbox 132 1170 966 1253">
     <span class='ocr_line' id='line_1_11' title="bbox 132 1170 966 1253; baseline -0.005 -18"><span class='ocrx_word' id='word_1_69' title='bbox 132 1173 291 1250; x_wconf 81' lang='lat' dir='ltr'><strong>Maiorem,</strong></span> <span class='ocrx_word' id='word_1_70' title='bbox 318 1191 403 1253; x_wconf 92' lang='lat' dir='ltr'><strong>quam</strong></span> <span class='ocrx_word' id='word_1_71' title='bbox 430 1183 497 1234; x_wconf 86' lang='lat' dir='ltr'><strong>sunt</strong></span> <span class='ocrx_word' id='word_1_72' title='bbox 521 1173 578 1234; x_wconf 92' lang='lat' dir='ltr'><strong>duo</strong></span> <span class='ocrx_word' id='word_1_73' title='bbox 606 1170 742 1234; x_wconf 79' lang='lat' dir='ltr'><strong>Caesaris</strong></span> <span class='ocrx_word' id='word_1_74' title='bbox 763 1172 966 1249; x_wconf 74' lang='lat' dir='ltr'><strong>Anticatones,</strong></span> 
     </span>
    </p>

    <p class='ocr_par' dir='ltr' id='par_1_10' title="bbox 131 1256 902 1336">
     <span class='ocr_line' id='line_1_12' title="bbox 131 1256 902 1336; baseline -0.003 -18"><span class='ocrx_word' id='word_1_75' title='bbox 131 1257 223 1334; x_wconf 91' lang='lat' dir='ltr'><strong>Illuc,</strong></span> <span class='ocrx_word' id='word_1_76' title='bbox 250 1256 378 1320; x_wconf 87' lang='lat' dir='ltr'><strong>testiculi</strong></span> <span class='ocrx_word' id='word_1_77' title='bbox 400 1256 456 1317; x_wconf 83' lang='lat' dir='ltr'><strong>srlri</strong></span> <span class='ocrx_word' id='word_1_78' title='bbox 479 1258 614 1318; x_wconf 86' lang='lat' dir='ltr'><strong>conscius</strong></span> <span class='ocrx_word' id='word_1_79' title='bbox 636 1259 712 1318; x_wconf 87' lang='lat' dir='ltr'><strong>unde</strong></span> <span class='ocrx_word' id='word_1_80' title='bbox 733 1258 808 1336; x_wconf 79' lang='lat' dir='ltr'><strong>sugit</strong></span> <span class='ocrx_word' id='word_1_81' title='bbox 829 1275 902 1334; x_wconf 92' lang='lat' dir='ltr'><strong>mus,</strong></span> 
     </span>
    </p>

    <p class='ocr_par' dir='ltr' id='par_1_11' title="bbox 132 1340 1125 1422">
     <span class='ocr_line' id='line_1_13' title="bbox 132 1340 1125 1422; baseline 0.001 -19"><span class='ocrx_word' id='word_1_82' title='bbox 132 1342 280 1419; x_wconf 86' lang='lat' dir='ltr'><strong>Intulerit,</strong></span> <span class='ocrx_word' id='word_1_83' title='bbox 303 1340 352 1402; x_wconf 92' lang='lat' dir='ltr'><strong>ubi</strong></span> <span class='ocrx_word' id='word_1_84' title='bbox 375 1341 469 1403; x_wconf 85' lang='lat' dir='ltr'><strong>velari</strong></span> <span class='ocrx_word' id='word_1_85' title='bbox 488 1344 605 1422; x_wconf 55' lang='lat' dir='ltr'><strong>‚pictura</strong></span> <span class='ocrx_word' id='word_1_86' title='bbox 628 1342 754 1419; x_wconf 88' lang='lat' dir='ltr'><strong>iubetur,</strong></span> <span class='ocrx_word' id='word_1_87' title='bbox 1073 1349 1125 1404; x_wconf 77' lang='lat' dir='ltr'><strong>cto</strong></span> 
     </span>
    </p>

    <p class='ocr_par' dir='ltr' id='par_1_12' title="bbox 78 1421 949 1510">
     <span class='ocr_line' id='line_1_14' title="bbox 78 1421 949 1510; baseline -0.003 -24"><span class='ocrx_word' id='word_1_88' title='bbox 78 1421 82 1428; x_wconf 69' lang='grc'><em>’</em></span> <span class='ocrx_word' id='word_1_89' title='bbox 134 1425 343 1510; x_wconf 71' lang='lat' dir='ltr'><strong>Quaecumque</strong></span> <span class='ocrx_word' id='word_1_90' title='bbox 365 1426 485 1487; x_wconf 83' lang='lat' dir='ltr'><strong>alteriul</strong></span> <span class='ocrx_word' id='word_1_91' title='bbox 508 1445 598 1487; x_wconf 86' lang='lat' dir='ltr'><strong>sexus</strong></span> <span class='ocrx_word' id='word_1_92' title='bbox 620 1427 729 1488; x_wconf 82' lang='lat' dir='ltr'><strong>imitata</strong></span> <span class='ocrx_word' id='word_1_93' title='bbox 751 1427 872 1504; x_wconf 85' lang='lat' dir='ltr'><strong>liguram</strong></span> <span class='ocrx_word' id='word_1_94' title='bbox 894 1433 949 1486; x_wconf 87' lang='lat' dir='ltr'><strong>est.</strong></span> 
     </span>
    </p>

    <p class='ocr_par' dir='ltr' id='par_1_13' title="bbox 132 1507 1049 1592">
     <span class='ocr_line' id='line_1_15' title="bbox 132 1507 1049 1592; baseline -0.004 -22"><span class='ocrx_word' id='word_1_95' title='bbox 132 1509 172 1570; x_wconf 78' lang='lat' dir='ltr'><strong>Et</strong></span> <span class='ocrx_word' id='word_1_96' title='bbox 198 1512 261 1590; x_wconf 92' lang='lat' dir='ltr'><strong>quis</strong></span> <span class='ocrx_word' id='word_1_97' title='bbox 283 1519 351 1571; x_wconf 91' lang='lat' dir='ltr'><strong>tuuc</strong></span> <span class='ocrx_word' id='word_1_98' title='bbox 375 1509 520 1571; x_wconf 84' lang='lat' dir='ltr'><strong>hominum</strong></span> <span class='ocrx_word' id='word_1_99' title='bbox 543 1519 727 1592; x_wconf 87' lang='lat' dir='ltr'><strong>contemptor</strong></span> <span class='ocrx_word' id='word_1_100' title='bbox 747 1507 891 1571; x_wconf 85' lang='lat' dir='ltr'><strong>numiulsl</strong></span> <span class='ocrx_word' id='word_1_101' title='bbox 914 1518 963 1570; x_wconf 89' lang='lat' dir='ltr'><strong>aut</strong></span> <span class='ocrx_word' id='word_1_102' title='bbox 986 1509 1049 1587; x_wconf 89' lang='lat' dir='ltr'><strong>quis</strong></span> 
     </span>
    </p>

    <p class='ocr_par' dir='ltr' id='par_1_14' title="bbox 133 1593 912 1675">
     <span class='ocr_line' id='line_1_16' title="bbox 133 1593 912 1675; baseline -0.001 -21"><span class='ocrx_word' id='word_1_103' title='bbox 133 1595 311 1673; x_wconf 79' lang='lat' dir='ltr'><strong>simpuvium</strong></span> <span class='ocrx_word' id='word_1_104' title='bbox 333 1594 431 1655; x_wconf 90' lang='lat' dir='ltr'><strong>ridere</strong></span> <span class='ocrx_word' id='word_1_105' title='bbox 456 1593 568 1655; x_wconf 86' lang='lat' dir='ltr'><strong>Numae</strong></span> <span class='ocrx_word' id='word_1_106' title='bbox 592 1596 764 1675; x_wconf 73' lang='lat' dir='ltr'><strong>nigrumque</strong></span> <span class='ocrx_word' id='word_1_107' title='bbox 788 1596 912 1656; x_wconf 77' lang='lat' dir='ltr'><strong>cadmum</strong></span> 
     </span>
    </p>

    <p class='ocr_par' dir='ltr' id='par_1_15' title="bbox 133 1677 807 1759">
     <span class='ocr_line' id='line_1_17' title="bbox 133 1677 807 1759; baseline 0 -21"><span class='ocrx_word' id='word_1_108' title='bbox 133 1677 171 1738; x_wconf 86' lang='lat' dir='ltr'><strong>Et</strong></span> <span class='ocrx_word' id='word_1_109' title='bbox 191 1677 334 1739; x_wconf 87' lang='lat' dir='ltr'><strong>Vaticano</strong></span> <span class='ocrx_word' id='word_1_110' title='bbox 356 1678 477 1757; x_wconf 77' lang='lat' dir='ltr'><strong>fragiles</strong></span> <span class='ocrx_word' id='word_1_111' title='bbox 501 1678 538 1740; x_wconf 94' lang='lat' dir='ltr'><strong>de</strong></span> <span class='ocrx_word' id='word_1_112' title='bbox 559 1689 657 1740; x_wconf 91' lang='lat' dir='ltr'><strong>monte</strong></span> <span class='ocrx_word' id='word_1_113' title='bbox 680 1681 807 1759; x_wconf 88' lang='lat' dir='ltr'><strong>patellas</strong></span> 
     </span>
    </p>

    <p class='ocr_par' dir='ltr' id='par_1_16' title="bbox 133 1758 1124 1925">
     <span class='ocr_line' id='line_1_18' title="bbox 133 1758 1124 1842; baseline 0 -20"><span class='ocrx_word' id='word_1_114' title='bbox 133 1761 230 1823; x_wconf 77' lang='lat' dir='ltr'><strong>Ausus</strong></span> <span class='ocrx_word' id='word_1_115' title='bbox 257 1759 340 1823; x_wconf 80' lang='lat' dir='ltr'><strong>erat?</strong></span> <span class='ocrx_word' id='word_1_116' title='bbox 363 1763 416 1823; x_wconf 90' lang='lat' dir='ltr'><strong>sed</strong></span> <span class='ocrx_word' id='word_1_117' title='bbox 438 1782 514 1824; x_wconf 91' lang='lat' dir='ltr'><strong>nunc</strong></span> <span class='ocrx_word' id='word_1_118' title='bbox 536 1762 572 1824; x_wconf 91' lang='lat' dir='ltr'><strong>ad</strong></span> <span class='ocrx_word' id='word_1_119' title='bbox 596 1781 668 1842; x_wconf 89' lang='lat' dir='ltr'><strong>quas</strong></span> <span class='ocrx_word' id='word_1_120' title='bbox 691 1780 749 1823; x_wconf 93' lang='lat' dir='ltr'><strong>non</strong></span> <span class='ocrx_word' id='word_1_121' title='bbox 774 1760 894 1823; x_wconf 81' lang='lat' dir='ltr'><strong>Clodius</strong></span> <span class='ocrx_word' id='word_1_122' title='bbox 917 1758 1006 1822; x_wconf 78' lang='lat' dir='ltr'><strong>erasi</strong></span> <span class='ocrx_word' id='word_1_123' title='bbox 1072 1769 1124 1824; x_wconf 79' lang='grc'><strong>345</strong></span> 
     </span>
     <span class='ocr_line' id='line_1_19' title="bbox 175 1845 903 1925; baseline -0.003 -19"><span class='ocrx_word' id='word_1_124' title='bbox 175 1845 288 1923; x_wconf 78' lang='lat' dir='ltr'><strong>Audio,</strong></span> <span class='ocrx_word' id='word_1_125' title='bbox 313 1848 381 1925; x_wconf 90' lang='lat' dir='ltr'><strong>quid</strong></span> <span class='ocrx_word' id='word_1_126' title='bbox 405 1856 523 1907; x_wconf 90' lang='lat' dir='ltr'><strong>veteres</strong></span> <span class='ocrx_word' id='word_1_127' title='bbox 545 1847 615 1907; x_wconf 91' lang='lat' dir='ltr'><strong>olim</strong></span> <span class='ocrx_word' id='word_1_128' title='bbox 637 1848 780 1906; x_wconf 88' lang='lat' dir='ltr'><strong>moneatis</strong></span> <span class='ocrx_word' id='word_1_129' title='bbox 804 1847 903 1906; x_wconf 90' lang='lat' dir='ltr'><strong>amici:</strong></span> 
     </span>
    </p>

    <p class='ocr_par' dir='ltr' id='par_1_17' title="bbox 133 1929 972 2010">
     <span class='ocr_line' id='line_1_20' title="bbox 133 1929 972 2010; baseline -0.005 -20"><span class='ocrx_word' id='word_1_130' title='bbox 133 1931 213 2008; x_wconf 84' lang='lat' dir='ltr'><strong>Pone</strong></span> <span class='ocrx_word' id='word_1_131' title='bbox 236 1948 347 2006; x_wconf 90' lang='lat' dir='ltr'><strong>seram,</strong></span> <span class='ocrx_word' id='word_1_132' title='bbox 374 1930 628 2010; x_wconf 77' lang='lat' dir='ltr'><strong>prohibei-Sed</strong></span> <span class='ocrx_word' id='word_1_133' title='bbox 642 1933 707 2010; x_wconf 92' lang='lat' dir='ltr'><strong>quis</strong></span> <span class='ocrx_word' id='word_1_134' title='bbox 717 1930 864 1990; x_wconf 88' lang='lat' dir='ltr'><strong>custodiet</strong></span> <span class='ocrx_word' id='word_1_135' title='bbox 889 1929 972 2007; x_wconf 90' lang='lat' dir='ltr'><strong>ipsos</strong></span> 
     </span>
    </p>

    <p class='ocr_par' dir='ltr' id='par_1_18' title="bbox 135 2011 906 2092">
     <span class='ocr_line' id='line_1_21' title="bbox 135 2011 906 2092; baseline -0.006 -18"><span class='ocrx_word' id='word_1_136' title='bbox 135 2011 301 2075; x_wconf 80' lang='lat' dir='ltr'><strong>Custodes?</strong></span> <span class='ocrx_word' id='word_1_137' title='bbox 328 2023 411 2075; x_wconf 88' lang='lat' dir='ltr'><strong>cauta</strong></span> <span class='ocrx_word' id='word_1_138' title='bbox 437 2025 483 2075; x_wconf 92' lang='lat' dir='ltr'><strong>est</strong></span> <span class='ocrx_word' id='word_1_139' title='bbox 505 2023 534 2075; x_wconf 91' lang='lat' dir='ltr'><strong>et</strong></span> <span class='ocrx_word' id='word_1_140' title='bbox 556 2013 593 2074; x_wconf 85' lang='lat' dir='ltr'><strong>ab</strong></span> <span class='ocrx_word' id='word_1_141' title='bbox 613 2014 673 2075; x_wconf 88' lang='lat' dir='ltr'><strong>illis</strong></span> <span class='ocrx_word' id='word_1_142' title='bbox 696 2014 798 2092; x_wconf 88' lang='lat' dir='ltr'><strong>incipit</strong></span> <span class='ocrx_word' id='word_1_143' title='bbox 821 2029 906 2075; x_wconf 81' lang='lat' dir='ltr'><strong>uxor.</strong></span> 
     </span>
    </p>

    <p class='ocr_par' dir='ltr' id='par_1_19' title="bbox 133 2093 975 2178">
     <span class='ocr_line' id='line_1_22' title="bbox 133 2093 975 2178; baseline -0.006 -19"><span class='ocrx_word' id='word_1_144' title='bbox 133 2097 252 2176; x_wconf 90' lang='lat' dir='ltr'><strong>lamque</strong></span> <span class='ocrx_word' id='word_1_145' title='bbox 276 2098 377 2158; x_wconf 89' lang='lat' dir='ltr'><strong>eadem</strong></span> <span class='ocrx_word' id='word_1_146' title='bbox 400 2100 517 2159; x_wconf 88' lang='lat' dir='ltr'><strong>summis</strong></span> <span class='ocrx_word' id='word_1_147' title='bbox 539 2093 649 2178; x_wconf 85' lang='lat' dir='ltr'><strong>pa&#39;riter</strong></span> <span class='ocrx_word' id='word_1_148' title='bbox 670 2099 849 2176; x_wconf 84' lang='lat' dir='ltr'><strong>minimisque</strong></span> <span class='ocrx_word' id='word_1_149' title='bbox 874 2094 975 2170; x_wconf 85' lang='lat' dir='ltr'><strong>libido,</strong></span> 
     </span>
    </p>

    <p class='ocr_par' dir='ltr' id='par_1_20' title="bbox 132 2181 1126 2263">
     <span class='ocr_line' id='line_1_23' title="bbox 132 2181 1126 2263; baseline 0.001 -21"><span class='ocrx_word' id='word_1_150' title='bbox 132 2181 197 2242; x_wconf 90' lang='lat' dir='ltr'><strong>Nec</strong></span> <span class='ocrx_word' id='word_1_151' title='bbox 219 2181 339 2260; x_wconf 87' lang='lat' dir='ltr'><strong>melior,</strong></span> <span class='ocrx_word' id='word_1_152' title='bbox 365 2182 478 2244; x_wconf 87' lang='lat' dir='ltr'><strong>silicem</strong></span> <span class='ocrx_word' id='word_1_153' title='bbox 503 2182 627 2263; x_wconf 85' lang='lat' dir='ltr'><strong>pedibus</strong></span> <span class='ocrx_word' id='word_1_154' title='bbox 650 2201 725 2263; x_wconf 89' lang='lat' dir='ltr'><strong>quae</strong></span> <span class='ocrx_word' id='word_1_155' title='bbox 747 2181 873 2242; x_wconf 88' lang='lat' dir='ltr'><strong>conterit</strong></span> <span class='ocrx_word' id='word_1_156' title='bbox 893 2187 996 2256; x_wconf 86' lang='lat' dir='ltr'><strong>atrum,</strong></span> <span class='ocrx_word' id='word_1_157' title='bbox 1072 2189 1126 2243; x_wconf 83' lang='grc'><strong>350</strong></span> 
     </span>
    </p>

    <p class='ocr_par' dir='ltr' id='par_1_21' title="bbox 134 2264 952 2346">
     <span class='ocr_line' id='line_1_24' title="bbox 134 2264 952 2346; baseline -0.005 -20"><span class='ocrx_word' id='word_1_158' title='bbox 134 2264 226 2340; x_wconf 87' lang='lat' dir='ltr'><strong>Quam</strong></span> <span class='ocrx_word' id='word_1_159' title='bbox 252 2281 326 2346; x_wconf 90' lang='lat' dir='ltr'><strong>quae</strong></span> <span class='ocrx_word' id='word_1_160' title='bbox 349 2265 502 2345; x_wconf 79' lang='lat' dir='ltr'><strong>longorum</strong></span> <span class='ocrx_word' id='word_1_161' title='bbox 528 2268 643 2329; x_wconf 87' lang='lat' dir='ltr'><strong>vehitur</strong></span> <span class='ocrx_word' id='word_1_162' title='bbox 663 2268 781 2328; x_wconf 85' lang='lat' dir='ltr'><strong>cervice</strong></span> <span class='ocrx_word' id='word_1_163' title='bbox 803 2266 952 2342; x_wconf 79' lang='lat' dir='ltr'><strong>Syrorum.</strong></span> 
     </span>
    </p>

    <p class='ocr_par' dir='ltr' id='par_1_22' title="bbox 133 2349 893 2430">
     <span class='ocr_line' id='line_1_25' title="bbox 133 2349 893 2430; baseline -0.003 -20"><span class='ocrx_word' id='word_1_164' title='bbox 133 2349 171 2410; x_wconf 88' lang='lat' dir='ltr'><strong>Ut</strong></span> <span class='ocrx_word' id='word_1_165' title='bbox 193 2359 311 2428; x_wconf 83' lang='lat' dir='ltr'><strong>spectet</strong></span> <span class='ocrx_word' id='word_1_166' title='bbox 334 2349 436 2428; x_wconf 91' lang='lat' dir='ltr'><strong>ludos,</strong></span> <span class='ocrx_word' id='word_1_167' title='bbox 465 2352 601 2412; x_wconf 89' lang='lat' dir='ltr'><strong>conducit</strong></span> <span class='ocrx_word' id='word_1_168' title='bbox 624 2350 747 2430; x_wconf 82' lang='lat' dir='ltr'><strong>Ogulnia</strong></span> <span class='ocrx_word' id='word_1_169' title='bbox 770 2359 893 2424; x_wconf 82' lang='lat' dir='ltr'><strong>restem,</strong></span> 
     </span>
    </p>

    <p class='ocr_par' dir='ltr' id='par_1_23' title="bbox 135 2431 896 2512">
     <span class='ocr_line' id='line_1_26' title="bbox 135 2431 896 2512; baseline -0.004 -19"><span class='ocrx_word' id='word_1_170' title='bbox 135 2431 278 2494; x_wconf 74' lang='lat' dir='ltr'><strong>conducit</strong></span> <span class='ocrx_word' id='word_1_171' title='bbox 301 2435 438 2511; x_wconf 86' lang='lat' dir='ltr'><strong>comites,</strong></span> <span class='ocrx_word' id='word_1_172' title='bbox 462 2436 582 2512; x_wconf 87' lang='lat' dir='ltr'><strong>sellam,</strong></span> <span class='ocrx_word' id='word_1_173' title='bbox 607 2433 751 2509; x_wconf 85' lang='lat' dir='ltr'><strong>cervical,</strong></span> <span class='ocrx_word' id='word_1_174' title='bbox 777 2433 896 2506; x_wconf 89' lang='lat' dir='ltr'><strong>amicas,</strong></span> 
     </span>
    </p>

    <p class='ocr_par' dir='ltr' id='par_1_24' title="bbox 132 2514 957 2596">
     <span class='ocr_line' id='line_1_27' title="bbox 132 2514 957 2596; baseline -0.005 -19"><span class='ocrx_word' id='word_1_175' title='bbox 132 2516 282 2577; x_wconf 89' lang='lat' dir='ltr'><strong>Nutricem</strong></span> <span class='ocrx_word' id='word_1_176' title='bbox 308 2524 337 2575; x_wconf 91' lang='lat' dir='ltr'><strong>et</strong></span> <span class='ocrx_word' id='word_1_177' title='bbox 360 2516 479 2595; x_wconf 84' lang='lat' dir='ltr'><strong>flavam,</strong></span> <span class='ocrx_word' id='word_1_178' title='bbox 505 2519 551 2579; x_wconf 89' lang='lat' dir='ltr'><strong>cui</strong></span> <span class='ocrx_word' id='word_1_179' title='bbox 575 2518 624 2578; x_wconf 90' lang='lat' dir='ltr'><strong>det</strong></span> <span class='ocrx_word' id='word_1_180' title='bbox 646 2516 796 2594; x_wconf 89' lang='lat' dir='ltr'><strong>mandata,</strong></span> <span class='ocrx_word' id='word_1_181' title='bbox 819 2514 957 2596; x_wconf 85' lang='lat' dir='ltr'><strong>puellam.</strong></span> 
     </span>
    </p>

    <p class='ocr_par' dir='ltr' id='par_1_25' title="bbox 132 2600 1123 2682">
     <span class='ocr_line' id='line_1_28' title="bbox 132 2600 1123 2682; baseline 0.005 -22"><span class='ocrx_word' id='word_1_182' title='bbox 132 2601 213 2660; x_wconf 89' lang='lat' dir='ltr'><strong>Haec</strong></span> <span class='ocrx_word' id='word_1_183' title='bbox 235 2609 332 2660; x_wconf 89' lang='lat' dir='ltr'><strong>tamen</strong></span> <span class='ocrx_word' id='word_1_184' title='bbox 354 2602 467 2678; x_wconf 78' lang='lat' dir='ltr'><strong>argenti</strong></span> <span class='ocrx_word' id='word_1_185' title='bbox 489 2611 626 2682; x_wconf 86' lang='lat' dir='ltr'><strong>superest</strong></span> <span class='ocrx_word' id='word_1_186' title='bbox 647 2601 850 2681; x_wconf 90' lang='lat' dir='ltr'><strong>quodcumque</strong></span> <span class='ocrx_word' id='word_1_187' title='bbox 874 2600 987 2680; x_wconf 88' lang='lat' dir='ltr'><strong>paterni</strong></span> <span class='ocrx_word' id='word_1_188' title='bbox 1072 2609 1123 2664; x_wconf 83' lang='grc'><strong>555</strong></span> 
     </span>
    </p>

    <p class='ocr_par' dir='ltr' id='par_1_26' title="bbox 131 2683 844 2747">
     <span class='ocr_line' id='line_1_29' title="bbox 131 2683 844 2747; baseline -0.003 -1"><span class='ocrx_word' id='word_1_189' title='bbox 131 2683 257 2746; x_wconf 86' lang='lat' dir='ltr'><strong>Levibus</strong></span> <span class='ocrx_word' id='word_1_190' title='bbox 281 2683 397 2746; x_wconf 87' lang='lat' dir='ltr'><strong>athletis</strong></span> <span class='ocrx_word' id='word_1_191' title='bbox 421 2696 450 2746; x_wconf 87' lang='lat' dir='ltr'><strong>et</strong></span> <span class='ocrx_word' id='word_1_192' title='bbox 475 2704 545 2746; x_wconf 83' lang='lat' dir='ltr'><strong>vasa</strong></span> <span class='ocrx_word' id='word_1_193' title='bbox 568 2687 725 2747; x_wconf 85' lang='lat' dir='ltr'><strong>norissima</strong></span> <span class='ocrx_word' id='word_1_194' title='bbox 747 2686 844 2747; x_wconf 88' lang='lat' dir='ltr'><strong>donat.</strong></span> 
     </span>
    </p>

    <p class='ocr_par' dir='ltr' id='par_1_27' title="bbox 126 2767 906 2850">
     <span class='ocr_line' id='line_1_30' title="bbox 126 2767 906 2850; baseline -0.006 -16"><span class='ocrx_word' id='word_1_195' title='bbox 126 2767 229 2834; x_wconf 66' lang='lat' dir='ltr'><strong>‚llutos</strong></span> <span class='ocrx_word' id='word_1_196' title='bbox 251 2786 300 2829; x_wconf 92' lang='lat' dir='ltr'><strong>res</strong></span> <span class='ocrx_word' id='word_1_197' title='bbox 324 2778 445 2848; x_wconf 77' lang='lat' dir='ltr'><strong>angusta</strong></span> <span class='ocrx_word' id='word_1_198' title='bbox 468 2771 561 2831; x_wconf 91' lang='lat' dir='ltr'><strong>domi:</strong></span> <span class='ocrx_word' id='word_1_199' title='bbox 586 2771 639 2832; x_wconf 90' lang='lat' dir='ltr'><strong>sed</strong></span> <span class='ocrx_word' id='word_1_200' title='bbox 660 2771 738 2831; x_wconf 88' lang='lat' dir='ltr'><strong>nulla</strong></span> <span class='ocrx_word' id='word_1_201' title='bbox 763 2771 906 2850; x_wconf 87' lang='lat' dir='ltr'><strong>pudorem</strong></span> 
     </span>
    </p>

    <p class='ocr_par' dir='ltr' id='par_1_28' title="bbox 133 2852 888 2931">
     <span class='ocr_line' id='line_1_31' title="bbox 133 2852 888 2931; baseline -0.001 -18"><span class='ocrx_word' id='word_1_202' title='bbox 133 2852 315 2931; x_wconf 88' lang='lat' dir='ltr'><strong>Paupertatis</strong></span> <span class='ocrx_word' id='word_1_203' title='bbox 337 2852 443 2930; x_wconf 86' lang='lat' dir='ltr'><strong>habet,</strong></span> <span class='ocrx_word' id='word_1_204' title='bbox 465 2872 521 2915; x_wconf 90' lang='lat' dir='ltr'><strong>nec</strong></span> <span class='ocrx_word' id='word_1_205' title='bbox 543 2873 577 2914; x_wconf 89' lang='lat' dir='ltr'><strong>se</strong></span> <span class='ocrx_word' id='word_1_206' title='bbox 597 2857 714 2915; x_wconf 90' lang='lat' dir='ltr'><strong>metitur</strong></span> <span class='ocrx_word' id='word_1_207' title='bbox 736 2854 772 2914; x_wconf 91' lang='lat' dir='ltr'><strong>ad</strong></span> <span class='ocrx_word' id='word_1_208' title='bbox 797 2854 888 2929; x_wconf 90' lang='lat' dir='ltr'><strong>illum,</strong></span> 
     </span>
    </p>

    <p class='ocr_par' dir='ltr' id='par_1_29' title="bbox 134 2934 1122 3017">
     <span class='ocr_line' id='line_1_32' title="bbox 134 2934 1122 3017; baseline -0.003 -21"><span class='ocrx_word' id='word_1_209' title='bbox 134 2934 226 3009; x_wconf 82' lang='lat' dir='ltr'><strong>Quem</strong></span> <span class='ocrx_word' id='word_1_210' title='bbox 248 2936 326 2999; x_wconf 91' lang='lat' dir='ltr'><strong>dedit</strong></span> <span class='ocrx_word' id='word_1_211' title='bbox 346 2936 421 2999; x_wconf 85' lang='lat' dir='ltr'><strong>haec</strong></span> <span class='ocrx_word' id='word_1_212' title='bbox 438 2940 594 3017; x_wconf 90' lang='lat' dir='ltr'><strong>posuitque</strong></span> <span class='ocrx_word' id='word_1_213' title='bbox 614 2938 738 2999; x_wconf 90' lang='lat' dir='ltr'><strong>modum.</strong></span> <span class='ocrx_word' id='word_1_214' title='bbox 767 2936 876 2998; x_wconf 79' lang='lat' dir='ltr'><strong>Tamen</strong></span> <span class='ocrx_word' id='word_1_215' title='bbox 896 2935 965 2995; x_wconf 90' lang='lat' dir='ltr'><strong>utile</strong></span> <span class='ocrx_word' id='word_1_216' title='bbox 988 2934 1056 3015; x_wconf 92' lang='lat' dir='ltr'><strong>quid</strong></span> <span class='ocrx_word' id='word_1_217' title='bbox 1074 2937 1122 3012; x_wconf 88' lang='lat' dir='ltr'><strong>sit,</strong></span> 
     </span>
    </p>

    <p class='ocr_par' dir='ltr' id='par_1_30' title="bbox 132 3021 1124 3101">
     <span class='ocr_line' id='line_1_33' title="bbox 132 3021 1124 3101; baseline 0.002 -21"><span class='ocrx_word' id='word_1_218' title='bbox 132 3021 316 3100; x_wconf 89' lang='lat' dir='ltr'><strong>Prospiciunt</strong></span> <span class='ocrx_word' id='word_1_219' title='bbox 338 3021 492 3101; x_wconf 89' lang='lat' dir='ltr'><strong>aliquando</strong></span> <span class='ocrx_word' id='word_1_220' title='bbox 514 3022 584 3097; x_wconf 88' lang='lat' dir='ltr'><strong>viri,</strong></span> <span class='ocrx_word' id='word_1_221' title='bbox 607 3022 758 3100; x_wconf 82' lang='lat' dir='ltr'><strong>frigusque</strong></span> <span class='ocrx_word' id='word_1_222' title='bbox 779 3021 942 3098; x_wconf 80' lang='lat' dir='ltr'><strong>famemque</strong></span> <span class='ocrx_word' id='word_1_223' title='bbox 1071 3027 1124 3082; x_wconf 83' lang='grc'><strong>560</strong></span> 
     </span>
    </p>

    <p class='ocr_par' dir='ltr' id='par_1_31' title="bbox 131 3101 884 3184">
     <span class='ocr_line' id='line_1_34' title="bbox 131 3101 884 3184; baseline 0 -21"><span class='ocrx_word' id='word_1_224' title='bbox 131 3101 266 3164; x_wconf 81' lang='lat' dir='ltr'><strong>Formica</strong></span> <span class='ocrx_word' id='word_1_225' title='bbox 288 3105 402 3166; x_wconf 92' lang='lat' dir='ltr'><strong>tandem</strong></span> <span class='ocrx_word' id='word_1_226' title='bbox 425 3106 540 3184; x_wconf 89' lang='lat' dir='ltr'><strong>quidam</strong></span> <span class='ocrx_word' id='word_1_227' title='bbox 560 3122 709 3184; x_wconf 84' lang='lat' dir='ltr'><strong>expavere</strong></span> <span class='ocrx_word' id='word_1_228' title='bbox 730 3106 884 3183; x_wconf 81' lang='lat' dir='ltr'><strong>magistra:</strong></span> 
     </span>
    </p>

    <p class='ocr_par' dir='ltr' id='par_1_32' title="bbox 133 3187 1047 3270">
     <span class='ocr_line' id='line_1_35' title="bbox 133 3187 1047 3270; baseline 0 -24"><span class='ocrx_word' id='word_1_229' title='bbox 133 3187 258 3265; x_wconf 85' lang='lat' dir='ltr'><strong>Prodiga</strong></span> <span class='ocrx_word' id='word_1_230' title='bbox 280 3205 338 3248; x_wconf 92' lang='lat' dir='ltr'><strong>non</strong></span> <span class='ocrx_word' id='word_1_231' title='bbox 360 3191 448 3250; x_wconf 88' lang='lat' dir='ltr'><strong>sentit</strong></span> <span class='ocrx_word' id='word_1_232' title='bbox 468 3198 640 3270; x_wconf 87' lang='lat' dir='ltr'><strong>pereuntem</strong></span> <span class='ocrx_word' id='word_1_233' title='bbox 660 3189 766 3249; x_wconf 78' lang='lat' dir='ltr'><strong>lomina</strong></span> <span class='ocrx_word' id='word_1_234' title='bbox 789 3205 922 3257; x_wconf 86' lang='lat' dir='ltr'><strong>censum;</strong></span> <span class='ocrx_word' id='word_1_235' title='bbox 1043 3237 1047 3246; x_wconf 95' lang='lat'>.</span> 
     </span>
    </p>

    <p class='ocr_par' dir='ltr' id='par_1_33' title="bbox 132 3271 854 3352">
     <span class='ocr_line' id='line_1_36' title="bbox 132 3271 854 3352; baseline 0.004 -22"><span class='ocrx_word' id='word_1_236' title='bbox 132 3271 178 3330; x_wconf 80' lang='lat' dir='ltr'><strong>Ac</strong></span> <span class='ocrx_word' id='word_1_237' title='bbox 202 3271 284 3332; x_wconf 84' lang='lat' dir='ltr'><strong>velut</strong></span> <span class='ocrx_word' id='word_1_238' title='bbox 306 3271 448 3334; x_wconf 86' lang='lat' dir='ltr'><strong>exhausta</strong></span> <span class='ocrx_word' id='word_1_239' title='bbox 470 3273 617 3334; x_wconf 86' lang='lat' dir='ltr'><strong>redivivus</strong></span> <span class='ocrx_word' id='word_1_240' title='bbox 640 3273 765 3352; x_wconf 90' lang='lat' dir='ltr'><strong>pullulet</strong></span> <span class='ocrx_word' id='word_1_241' title='bbox 786 3291 854 3333; x_wconf 86' lang='lat' dir='ltr'><strong>arca</strong></span> 
     </span>
    </p>

    <p class='ocr_par' dir='ltr' id='par_1_34' title="bbox 132 3353 899 3437">
     <span class='ocr_line' id='line_1_37' title="bbox 132 3353 899 3437; baseline 0.003 -23"><span class='ocrx_word' id='word_1_242' title='bbox 132 3353 270 3414; x_wconf 88' lang='lat' dir='ltr'><strong>Nummus</strong></span> <span class='ocrx_word' id='word_1_243' title='bbox 292 3363 322 3416; x_wconf 89' lang='lat' dir='ltr'><strong>et</strong></span> <span class='ocrx_word' id='word_1_244' title='bbox 345 3374 362 3416; x_wconf 85' lang='lat' dir='ltr'><strong>e</strong></span> <span class='ocrx_word' id='word_1_245' title='bbox 384 3357 473 3436; x_wconf 88' lang='lat' dir='ltr'><strong>pleno</strong></span> <span class='ocrx_word' id='word_1_246' title='bbox 497 3357 616 3418; x_wconf 88' lang='lat' dir='ltr'><strong>tollatur</strong></span> <span class='ocrx_word' id='word_1_247' title='bbox 639 3375 757 3437; x_wconf 89' lang='lat' dir='ltr'><strong>semper</strong></span> <span class='ocrx_word' id='word_1_248' title='bbox 779 3374 899 3432; x_wconf 85' lang='lat' dir='ltr'><strong>acervo,</strong></span> 
     </span>
    </p>

    <p class='ocr_par' dir='ltr' id='par_1_35' title="bbox 132 3435 1121 3604">
     <span class='ocr_line' id='line_1_38' title="bbox 132 3435 1121 3520; baseline 0.006 -23"><span class='ocrx_word' id='word_1_249' title='bbox 132 3435 197 3498; x_wconf 93' lang='lat' dir='ltr'><strong>Non</strong></span> <span class='ocrx_word' id='word_1_250' title='bbox 219 3456 351 3518; x_wconf 87' lang='lat' dir='ltr'><strong>umquam</strong></span> <span class='ocrx_word' id='word_1_251' title='bbox 372 3450 525 3520; x_wconf 88' lang='lat' dir='ltr'><strong>reputant,</strong></span> <span class='ocrx_word' id='word_1_252' title='bbox 547 3442 645 3520; x_wconf 88' lang='lat' dir='ltr'><strong>quanti</strong></span> <span class='ocrx_word' id='word_1_253' title='bbox 666 3441 721 3502; x_wconf 89' lang='lat' dir='ltr'><strong>sibi</strong></span> <span class='ocrx_word' id='word_1_254' title='bbox 743 3440 848 3518; x_wconf 80' lang='lat' dir='ltr'><strong>gaudis</strong></span> <span class='ocrx_word' id='word_1_255' title='bbox 871 3447 1013 3500; x_wconf 89' lang='lat' dir='ltr'><strong>constent.</strong></span> <span class='ocrx_word' id='word_1_256' title='bbox 1070 3447 1121 3503; x_wconf 82' lang='grc'><strong>365</strong></span> 
     </span>
     <span class='ocr_line' id='line_1_39' title="bbox 175 3522 969 3604; baseline -0.001 -20"><span class='ocrx_word' id='word_1_257' title='bbox 175 3522 248 3584; x_wconf 85' lang='lat' dir='ltr'><strong>Sunt</strong></span> <span class='ocrx_word' id='word_1_258' title='bbox 270 3540 342 3602; x_wconf 89' lang='lat' dir='ltr'><strong>quas</strong></span> <span class='ocrx_word' id='word_1_259' title='bbox 367 3523 492 3585; x_wconf 88' lang='lat' dir='ltr'><strong>eunuchi</strong></span> <span class='ocrx_word' id='word_1_260' title='bbox 515 3524 649 3587; x_wconf 86' lang='lat' dir='ltr'><strong>imbelles</strong></span> <span class='ocrx_word' id='word_1_261' title='bbox 671 3543 705 3586; x_wconf 91' lang='lat' dir='ltr'><strong>ac</strong></span> <span class='ocrx_word' id='word_1_262' title='bbox 728 3523 827 3584; x_wconf 90' lang='lat' dir='ltr'><strong>mollia</strong></span> <span class='ocrx_word' id='word_1_263' title='bbox 851 3542 969 3604; x_wconf 89' lang='lat' dir='ltr'><strong>semper</strong></span> 
     </span>
    </p>
   </div>
   <div class='ocr_carea' id='block_1_4' title="bbox 0 0 1296 3950">
    <p class='ocr_par' dir='ltr' id='par_1_36' title="bbox 0 0 1296 3950">
     <span class='ocr_line' id='line_1_40' title="bbox 0 0 1296 3950; baseline 0 0"><span class='ocrx_word' id='word_1_264' title='bbox 0 0 1296 3950; x_wconf 95' lang='lat' dir='ltr'><strong> </strong></span> 
     </span>
    </p>
   </div>
  </div>
 </body>
</html>
