2590 3946
202 213 244 276 56
547 227 582 272 n.
603 224 676 272 run.
698 223 886 272 1uverunn1s

202 366 315 441 Quanta
337 372 432 424 autem
455 364 521 424 imle
547 364 628 424 ieros
649 371 678 423 ta
728 363 809 424 dIrae
824 364 959 441 ..praemia
981 365 1098 448 culpae,

202 449 295 522 Quum
315 457 418 508 tenues
441 465 534 526 nuper
555 447 663 508 blarius
716 446 855 508 seinxerit
873 444 984 507 Afros?
1139 463 1190 518 120

202 529 365 593 Curandum
387 530 554 610 inprimis,
578 548 615 590 ne
639 548 743 608 magna
766 530 868 590 iniuria
891 529 940 590 liat

200 614 337 676 Fortibus
357 621 387 674 et
401 615 526 676 miseris.
556 613 657 674 Tollas
677 614 747 674 licet
765 631 849 676 omne
871 613 949 690 quod
967 633 1087 696 usquam
1114 623 1160 676 est

201 699 273 759 Auri
295 707 383 777 atque
410 698 541 775 argenti,
567 706 679 758 scutum
700 697 886 776 gladiumque
907 698 1057 778 relinques

200 783 238 844 Et
259 780 383 844 iaculum
409 791 439 842 et
460 782 589 860 galeam:
615 780 749 859 spoliatis
771 798 851 842 arma
875 793 1038 860 supersunt.

98 937 104 948 ,
201 866 288 940 Quod
313 864 400 924 modo
423 865 581 945 proposui,
603 881 660 924 non
683 873 728 925 est
751 865 908 932 sementim
932 883 1031 926 verum
1055 875 1114 936 est;
1137 877 1188 936 las

202 948 320 1011 Credite
342 966 389 1009 me
414 948 499 1008 vobis
520 948 622 1009 folium
644 948 770 1008 recitare
792 946 933 1022 Sibyllae.

200 1035 232 1095 si
256 1032 308 1092 tibi
333 1040 431 1092 sancta
455 1031 563 1092 cohors
589 1033 740 1107 comitum,
764 1033 895 1091 sinemo
917 1031 1042 1094 tribunal

199 1116 306 1178 Vendit
334 1131 556 1191 acerseeoraes‚
584 1116 609 1175 si
632 1113 739 1175 nullum
763 1115 792 1174 in
813 1115 939 1194 coniuge
964 1118 1083 1194 crimen,

200 1201 264 1262 Nec
287 1217 341 1277 per
363 1209 524 1260 conventus
546 1208 575 1259 et
598 1207 701 1259 cuncta
724 1216 777 1277 per
800 1197 906 1278 oppida
929 1202 1026 1262 curvis

200 1281 351 1359 Unguibus
372 1283 415 1342 ire
440 1292 523 1361 parat
544 1299 673 1342 nummos
694 1291 812 1361 raptura
834 1279 980 1343 Celaeno:
1136 1293 1188 1346 lau

201 1366 242 1426 Tu
265 1364 335 1425 licet
358 1382 374 1424 a
400 1365 470 1424 Pico
496 1382 632 1425 numeres
653 1383 762 1443 genus,
792 1366 908 1446 altaque
931 1367 956 1425 si
977 1375 1007 1426 te

199 1449 322 1509 Nomina
348 1447 511 1524 delectant,
536 1465 649 1508 omnem
673 1448 803 1510 Titanida
826 1467 951 1528 pugnam

200 1532 279 1593 luter
305 1532 432 1592 maiores
458 1533 611 1611 ipsumque
632 1532 806 1594 Promethea
830 1550 936 1612 ponas:

199 1616 245 1677 De
269 1631 451 1694 quocumque
474 1615 560 1675 voles
583 1633 722 1694 proavum
746 1616 797 1676 tibi
821 1619 923 1678 sumito
947 1616 1032 1677 libro.

201 1699 287 1773 Quod
309 1699 334 1758 si
357 1699 549 1778 praecipitem
573 1701 650 1778 rapit
675 1700 791 1760 ambitio
820 1709 907 1780 atque
929 1700 1031 1776 libido,
1136 1709 1188 1764 135

201 1784 232 1844 si
254 1782 366 1860 frangis
387 1783 486 1859 virgas
509 1785 655 1844 sociorum
676 1785 705 1844 in
727 1786 884 1862 sangiune,
907 1786 931 1844 si
954 1793 983 1846 te

203 1866 357 1928 Delectant
379 1865 503 1928 hebetes
526 1867 605 1928 lasso
630 1868 735 1930 lictore
760 1886 899 1928 secures:

200 1950 305 2029 lncipit
326 1950 457 2029 ipsorum
474 1960 575 2012 contra
600 1961 630 2012 te
652 1961 730 2013 stare
752 1960 903 2031 parentum

200 2033 344 2095 Nobilitas
369 2033 533 2113 claramque
556 2034 652 2096 iacem
673 2035 825 2115 praeferre
850 2033 1002 2114 pudendis.

201 2115 292 2176 Omne
315 2117 398 2177 animi
423 2118 522 2178 vitium
545 2127 624 2179 tanto
647 2120 834 2199 conspectius
856 2121 885 2177 in
906 2137 939 2179 se

203 2197 318 2260 Crimen
342 2199 447 2276 babet,
470 2211 575 2281 quanto
600 2204 691 2264 maior
712 2204 761 2282 qui
784 2210 890 2281 peccat
914 2201 1047 2264 habetur.

200 2282 266 2357 Quo
288 2282 405 2346 milite
428 2284 543 2346 solitum
564 2286 655 2348 falsas
678 2286 795 2364 signare
816 2285 941 2346 tabellas

200 2365 232 2426 lu
259 2367 390 2447 templis,
421 2387 495 2448 quae
521 2369 698 2445 sceltonae,
726 2377 906 2449 statuamque
929 2369 1058 2450 parentis

199 2450 276 2510 Ante
303 2451 523 2530 triumphalem?
547 2471 621 2532 quo,
644 2455 669 2512 si
694 2462 850 2515 nocturnus
872 2451 985 2514 adulter
1047 2470 1056 2520 ¹,

200 2532 345 2612 Tempora
367 2535 524 2598 Santonico
550 2538 634 2598 velas
659 2537 800 2618 adoperta
823 2533 960 2598 cucullo?

239 2616 362 2678 Praeter
385 2621 523 2680 maiorum
550 2622 663 2682 cineres
687 2630 774 2700 atque
797 2639 866 2682 ossa
888 2620 1002 2682 volucri

199 2698 345 2781 Garpento
372 2705 481 2782 rapitur
504 2705 618 2782 pinguis
640 2703 816 2780 Lateranus,
844 2712 873 2763 et
897 2705 980 2782 ipse,

197 2783 266 2863 lpse
292 2793 384 2846 rotam
409 2788 540 2862 astringit
563 2785 653 2846 multo
677 2785 839 2846 sufflamine
864 2785 977 2860 consul,

197 2865 293 2927 Nocte
320 2868 452 2947 quidem3
479 2869 532 2929 sed
554 2869 620 2928 luna
640 2869 738 2945 videt,
763 2869 815 2930 sed
839 2868 934 2928 sidera
956 2875 1048 2930 testes

197 2951 351 3012 lutendunt
373 2950 485 3012 oculos.
521 2950 642 3012 diuitum
665 2960 779 3031 tempus
802 2951 923 3012 honoris

198 3033 291 3108 Quum
313 3034 417 3111 inerit,
444 3034 523 3094 clara
546 3032 704 3096 Lateranus
732 3035 799 3095 lucc
823 3034 972 3114 llagellum

198 3117 298 3176 Sumet
319 3125 349 3177 et
371 3133 524 3178 occursum
545 3123 696 3197 num'qnarn
717 3118 873 3200 trepidabit
894 3119 978 3180 amici

197 3199 257 3260 lam
279 3201 375 3276 senis,
400 3217 436 3260 ac
458 3201 541 3280 virga
562 3203 643 3280 prior
665 3213 771 3264 annuet
794 3212 881 3284 atque
902 3202 1047 3283 maniplos

199 3283 303 3344 Solvet
323 3292 354 3344 et
378 3283 508 3346 infundet
529 3287 662 3346 iumentis
685 3286 796 3349 hordea
816 3286 913 3348 lassis.

198 3366 331 3444 Interea,
358 3368 422 3428 dum
445 3368 557 3432 lanatas
579 3369 740 3451 robumque
763 3372 916 3431 iuvencum

200 3448 283 3510 blore
305 3449 416 3513 Numae
439 3453 534 3514 caedit
555 3451 634 3516 lovis
657 3465 723 3515 ante
746 3455 865 3526 altaria,
889 3455 965 3516 iurat
