2582 3950
198 261 236 310 iv
587 263 795 313 Pssnnrnrro.

203 406 284 477 plmes
294 411 319 460 et
329 404 420 462 scholia
430 405 516 461 eodem
527 407 669 477 pertinentia
678 407 711 462 ita
728 413 893 473 accesserunt,
914 413 942 462 ut
953 423 1018 463 nune
1030 407 1079 462 tere
1089 406 1180 463 duode-

204 489 253 546 eim
266 503 347 544 rernm
363 487 565 545 luvenalianarunr
583 497 658 546 testes
670 490 812 554 habeamus.
831 489 959 562 dequibus
970 497 996 545 et
1009 489 1142 561 Pinzgems
1155 493 1179 545 iu

203 573 223 628 1.
235 571 293 628 Chr.
304 571 370 628 lahn.
382 571 411 627 N.
422 572 506 628 Annei,
518 575 585 631 1835
596 573 624 629 T.
635 573 695 638 XIV,
710 589 737 644 p.
749 577 799 633 261
811 588 863 646 sqq.
876 578 901 629 et
910 588 956 629 nes
968 572 1109 630 inProoem.
1120 573 1179 633 leet.

204 655 272 712 Gett.
291 658 360 714 1843
377 655 480 726 amplius
496 656 683 726 disputavimus,
704 671 835 728 eorumque
850 662 944 726 septem
958 657 1031 713 etiam
1042 654 1073 711 0.
1083 656 1180 712 Iahnius

204 739 234 795 od
244 738 422 795 editionissuae
437 739 529 794 eaieem
545 739 662 801 subierim
681 740 723 811 qui
733 740 775 795 uhi
791 741 853 795 inter
868 754 895 795 se
911 741 1077 806 musonium,
1096 740 1180 812 ntique
1282 727 1284 754 *

204 822 337 893 iompietee
352 821 503 878 existimandi
518 828 589 888 sunt,
606 823 644 877 sin
660 823 803 879 dissentiunt
834 823 926 879 nudum
945 823 1005 880 adeo
1022 837 1080 896 prae
1090 825 1180 879 eeteris

204 904 349 961 eminentem
365 904 482 972 admunt,
499 911 530 960 ut
536 911 578 962 aut
593 905 691 962 omnino
713 914 754 962 aut
770 907 794 962 in
812 907 951 979 gravissima
969 906 1016 962 hae
1031 907 1179 979 quaestione,
1233 937 1238 951 ·

203 989 303 1061 quaeat
315 988 413 1044 exilium
429 993 514 1059 poetae
525 996 632 1059 spectat,
648 989 712 1046 illius
721 990 802 1061 potius
817 990 890 1046 fidem
906 1005 978 1063 quam
992 996 1102 1047 nostruin
1118 989 1180 1045 iudi·

203 1072 268 1127 oium
279 1071 347 1144 sequi
356 1070 492 1127 debeamus.
525 1071 924 1146 Quainquaestionehoequidem
941 1075 1004 1130 inter
1018 1087 1103 1129 omnes
1121 1087 1180 1128 eon·

203 1161 264 1220 stat.
284 1154 421 1210 Iuvenalem
437 1153 467 1210 ah
486 1155 643 1225 imperatore.
661 1156 731 1214 ouius
745 1157 805 1214 imm
817 1157 859 1216 ,vei
875 1157 1037 1228 suspicionem
1046 1169 1179 1228 pancorum

203 1253 316 1296 vermem
326 1237 399 1294 satim
407 1237 446 1294 vel
456 1238 629 1311 epigrammate
638 1240 768 1304 movhset.
785 1240 831 1296 suh
841 1241 923 1311 speeie
934 1240 1033 1298 hemah
1043 1246 1069 1296 et
1078 1239 1179 1296 ohtmtu

204 1321 326 1378 militisine
337 1322 362 1378 in
373 1327 495 1378 eatremoe
503 1322 597 1393 imperii
607 1322 668 1382 ines
677 1322 817 1396 ahlegamm
827 1337 887 1390 esee,
899 1338 978 1396 neque
987 1324 1018 1380 de
1031 1337 1105 1379 musa
1115 1322 1180 1378 illius

205 1404 486 1472 hermammonem,
503 1405 737 1476 quiriiiemuersus
747 1407 849 1471 fuerint,
862 1421 923 1478 quos
937 1421 1003 1462 nuno
1016 1405 1069 1460 Sat
1080 1404 1131 1460 vil.
1143 1407 1179 1462 90

207 1491 285 1548 -ei
301 1488 404 1546 insertos
413 1487 523 1546 Paridem
535 1489 711 1559 pantomimum
727 1492 753 1546 in
769 1489 899 1547 tonitam
916 1489 970 1546 auin
984 1487 1178 1559 mentionem

204 1571 292 1628 aeerhe
302 1585 400 1643 earpere
410 1571 532 1637 ridemus.
548 1573 613 1630 nnde
628 1575 702 1632 etiam
711 1572 794 1632 Sidon.
806 1574 883 1643 hpoii.
895 1571 939 1628 lx.
948 1572 1002 1630 hid
1015 1570 1074 1626 imi
1081 1570 1178 1626 Morm-

202 1656 243 1711 oie
252 1654 344 1712 mitet
356 1655 496 1726 appellavit:
511 1662 537 1712 at
553 1656 618 1714 etde
628 1657 684 1714 loeo
694 1657 758 1714 exitii
774 1661 800 1711 et
810 1655 841 1712 de
850 1657 994 1726 impetitone
1002 1654 1049 1726 ipsi
1056 1667 1178 1727 gramma·

202 1739 245 1794 tioi
255 1738 316 1795 adeo
326 1739 388 1794 inter
397 1753 424 1794 se
434 1738 578 1810 discrepant,
588 1747 616 1796 ut
626 1741 672 1798 nisi
682 1739 781 1798 merois
790 1739 938 1811 armamentis
947 1737 1059 1796 adhibitis
1068 1737 1178 1794 etahiiem

203 1821 237 1878 rei
247 1822 378 1894 imaginem
388 1822 515 1893 concipere
527 1837 576 1882 nou
592 1822 671 1878 lieeat.
701 1822 815 1888 oomnis
824 1821 889 1880 enim
903 1836 1004 1880 numero
1014 1821 1110 1894 pimini
1120 1835 1179 1892 poe·

203 1904 1179 1979 taminhegyptummisoumeasetradanttamennehiqaidemintereeeun·
1283 1953 1285 1972 ,

202 1991 321 2053 sentiunt,
341 1989 385 2046 sed
401 2004 476 2062 prum
487 1989 526 2046 aiii
541 1990 788 2064 ethemamhegypti
799 1998 893 2062 partein
908 1997 950 2048 aut
960 1990 1080 2048 civitatem
1089 1987 1178 2044 Hoasin

204 2071 426 2143 (senorium
443 2072 740 2144 Homatseheimves)
757 2075 895 2142 nominent,
913 2072 1000 2130 Snidas
1022 2087 1079 2130 orm
1095 2070 1178 2128 hiaiala
1285 2109 1286 2142 p

203 2149 1178 2231 ehrenegmphodehomihamloqnemiome‚inquitdoreieaielieioweaoe
1285 2151 1286 2228 ξ

200 2231 381 2310 ’leodevoiitnv
390 2232 421 2292 io
433 2232 604 2294 timedio
614 2233 661 2294 tui
669 2234 722 2309 τὴν
730 2235 853 2312 Aodo‘epu:
864 2248 913 2296 troo
923 2236 1116 2312 deniqneSeott’ot'
1124 2235 1179 2292 teti
1285 2247 1286 2250 ’

200 2322 437 2395 praepedimur&
452 2321 625 2392 praetenturam
635 2323 739 2380 miiitum
749 2337 805 2380 enm
820 2323 942 2394 temptam
950 2328 1060 2384 mnrium
1076 2322 1178 2391 impera·

202 2414 281 2462 torem
296 2411 378 2462 autem
388 2405 449 2464 alius
458 2404 585 2464 Claudium
604 2406 738 2472 Neronem,
755 2405 816 2464 alins
824 2405 1073 2477 interemptioni
1085 2411 1179 2460 motum
1285 2417 1286 2474 p

207 2489 371 2544 Domitianum
380 2491 688 2562 memorant;nequeadee
697 2489 869 2563 tmposexitii
883 2489 969 2546 isdem
979 2487 1067 2546 dnihus
1076 2490 1178 2544 meeum·
1285 2533 1286 2570 ζ

202 2571 323 2635 scribunt.
339 2572 404 2643 quod
420 2589 495 2645 quum
513 2573 873 2632 nnusahextremaliomitieni
890 2573 1178 2645 mahummariam
1285 2575 1286 2618 i

203 2652 362 2712 munitm
371 2655 491 2719 extendat
502 2657 542 2712 alii
552 2658 648 2712 eauien
658 2659 720 2714 intra
729 2657 896 2713 ὴτονίωἰωιιω
905 2662 1002 2727 tempus
1011 2656 1079 2712 senio
1090 2670 1118 2710 ae
1129 2661 1179 2708 tae

203 2738 243 2794 dio
253 2739 316 2794 vitae
324 2737 458 2811 mentium
468 2740 618 2812 aegritudine
628 2740 783 2812 ahsnmptnnr
790 2739 938 2812 perhibeant
952 2745 989 2795 eet
1000 2739 1072 2794 etiam
1082 2735 1167 2810 qniiio

203 2835 415 2886 mamreversum,
433 2837 504 2896 paor
521 2821 919 2887 meromontem,
937 2839 1003 2878 maro
1019 2823 1179 2880 mmmm

203 2905 710 2980 odmdomtopeeimohirtitinetoopore
720 2907 920 2982 poeiimemrrat.
938 2905 1098 2962 iitdeaetatis
1107 2920 1177 2971 anno,

203 3003 275 3060 quem
291 2995 363 3059 poeta
377 2989 498 3061 attigerit,
510 2990 594 3062 reliqui
605 3005 700 3063 quoqne
710 2991 743 3048 ita
752 2997 778 3046 et
785 2991 848 3047 inter
856 3005 884 3048 se
893 2997 918 3046 et
928 3006 984 3046 earm
993 2989 1120 3063 Borghesi
1130 2989 1179 3044 eai-

203 3072 264 3128 eniis
274 3079 425 3144 congruunt.
440 3080 469 3130 nt
483 3074 609 3146 octoginta
626 3075 729 3146 amplius
744 3089 819 3131 annos
839 3082 923 3131 naham
939 3073 1074 3130 [meutiem
1091 3073 1179 3130 obiisse

203 3170 247 3224 pm
258 3155 381 3227 explorato
393 3171 483 3227 ponere
492 3157 577 3219 rideat:
595 3157 620 3213 id
636 3159 716 3230 ipsum
731 3165 812 3214 tamen
828 3159 850 3215 si
868 3159 1048 3230 amplectimur,
1066 3171 1124 3214 sane
1134 3156 1180 3211 mi·

203 3254 258 3293 rum
269 3247 306 3295 est
322 3253 405 3296 mnem
419 3241 616 3314 octogenarium,
636 3243 677 3314 qui
694 3243 787 3299 nitidum
805 3249 876 3298 antea
886 3241 985 3298 miiitiae
996 3243 1118 3313 speeimeu
1129 3240 1178 3296 edi·
1281 3251 1286 3303 t

202 3322 290 3386 distet.
309 3321 403 3380 cohorti
418 3324 443 3382 in
459 3325 573 3382 moenis
587 3327 680 3396 imperii
695 3325 783 3382 tahas
799 3326 908 3383 tendenti
923 3327 976 3383 sine
992 3325 1079 3382 horum
1096 3325 1178 3380 finium

203 3405 310 3474 periente
320 3405 417 3477 praehoi
426 3409 549 3480 potuissea
565 3424 612 3467 nee
621 3409 702 3466 minim
717 3411 777 3467 illud
787 3410 914 3474 miramur.
925 3410 990 3481 quod
1006 3408 1052 3464 etsi
1064 3407 1115 3463 Sat
1127 3406 1177 3463 xv.

202 3488 247 3544 suh
257 3488 375 3548 liodrimo
384 3493 500 3564 amiptam
510 3493 657 3552 metuam:
665 3495 750 3550 tomi
763 3495 859 3560 evincit,
869 3493 1014 3550 datianum
1021 3492 1086 3548 exilii
1097 3496 1179 3548 aueto-

202 3587 255 3630 rem
264 3589 336 3632 nemo
346 3575 416 3633 testis
424 3577 535 3649 prodidit,
545 3578 636 3636 sedvel
645 3578 825 3652 piissimiet
834 3578 893 3636 oiim
902 3581 986 3633 eontra
992 3574 1102 3632 Paridem
1112 3589 1178 3631 com·
