2582 3950
496 274 703 324 Pnanufflo.
1009 271 1083 326 XVI!

99 420 188 476 horum
205 417 300 474 fraudes
317 418 396 490 lepida
413 419 597 489 amplificatione
622 421 773 492 persequitur
791 419 832 486 (r.
845 422 1014 489 83-130).
1049 421 1085 475 ld

100 502 177 574 ipsius
189 509 269 558 mmeo
278 501 444 573 philosophiae
454 508 581 573 praecepta
590 505 690 574 propius
707 503 762 558 libri
777 503 855 576 qmoti
871 504 942 558 satira
959 503 1032 558 tertio
1042 505 1084 560 de-

100 585 164 642 cima
175 586 244 654 redit,
257 601 318 656 quac
327 601 402 658 11111
419 586 542 642 alonteio
554 587 653 642 consule
663 587 790 659 sexaginta
808 601 883 641 annos
899 593 1016 654 numeret,
1029 603 1050 642 a.
1059 604 1082 657 p.

102 670 158 726 Chr.
171 673 224 728 119
234 685 249 724 1
259 669 371 725 Iuvenale
387 671 439 726 iere
458 670 643 742 septuagenario
661 673 752 741 scripta
762 675 814 732 en
824 683 905 729 ,senex
914 671 990 742 igitur
999 683 1084 727 senem

100 755 206 810 amicum
218 753 358 818 Caluinum,
376 754 418 825 qui
433 755 517 810 decom
532 755 642 809 sestertia
652 753 740 810 violata
754 753 802 808 flde
811 753 897 808 amissa
908 755 1013 824 graviter
1022 755 1084 810 lere·

100 837 186 903 hat(v.
197 839 310 907 i-18)‚
322 839 356 892 lta
365 838 405 893 vel
415 838 610 909 reprehenditrel
621 837 766 904 consolatur,
779 842 806 890 ut
816 838 919 906 pumum
930 852 1085 894 communem

100 920 177 976 seculi
187 921 328 991 pravitatem
339 921 469 994 recogitari
481 922 574 990 iubeat,
592 922 617 977 in
634 937 681 993 qua
696 920 757 977 lidos
774 921 854 990 potius
863 936 907 991 pro
918 922 1031 992 prodigio
1041 922 1084 976 ha-

102 1003 182 1074 benda
198 1005 230 1058 sit
242 1003 278 1070 (v.
291 1007 324 1063 19
333 1033 369 1045 -
378 1010 441 1076 70),
459 1012 512 1060 tum
523 1005 656 1076 peculiares
665 1004 764 1076 periurii
775 1018 859 1060 causas
868 1003 975 1059 Platonis
988 1004 1083 1076 Legum

100 1088 189 1143 lihmm
197 1088 319 1144 decimum
329 1095 427 1144 scontros
438 1103 468 1143 ex
478 1090 557 1160 impiis
566 1090 635 1162 vulgi
645 1088 799 1160 opinionibus
809 1087 915 1159 salsaque
922 1087 1022 1143 deorum
1033 1089 1084 1143 erri-

101 1172 238 1227 stirnatione
249 1177 342 1242 repetat
359 1173 396 1240 (v.
407 1177 574 1241 71—119);
596 1173 682 1230 deinde
699 1187 757 1228 vero
767 1185 799 1226 ne
812 1170 976 1242 philosophiae
986 1173 1083 1244 quidem

101 1256 193 1312 solatiis
204 1269 279 1328 egere
289 1255 365 1319 dicat,
386 1257 427 1328 qui
438 1257 545 1328 quotidie
554 1257 644 1312 maiora
655 1258 747 1312 scelera
757 1262 782 1311 et
791 1254 911 1310 committi
921 1261 945 1310 et
958 1257 1038 1326 puniri
1048 1257 1085 1310 vi·

100 1341 157 1395 deat
167 1339 203 1408 (r.
216 1343 269 1397 110
275 1342 401 1410 -“177),
413 1353 460 1395 nec
469 1342 490 1395 si
499 1341 604 1396 maxime
615 1340 746 1397 humanam
756 1339 886 1395 vindictam
896 1340 1013 1395 scelestus
1023 1339 1084 1394 ellu-

102 1423 162 1495 giat,
175 1423 336 1479 conscientiae
346 1424 466 1480 cruciatus
477 1425 559 1480 evitari
569 1440 641 1495 posse
651 1430 749 1480 moneat
760 1423 796 1489 (r.
805 1426 856 1482 178
864 1452 901 1462 -
909 1427 990 1493 131);
1000 1439 1082 1496 quam-

100 1521 175 1578 quam
190 1523 221 1562 ne
237 1507 274 1562 sic
290 1507 387 1579 quidem
399 1523 469 1579 spem
479 1508 567 1579 deponi
577 1510 629 1564 vult
643 1509 707 1574 iore,
718 1515 746 1564 ut
761 1507 825 1562 idem
834 1507 900 1562 velut
912 1507 1084 1562 consuetudine

101 1591 219 1661 peccandi
234 1591 365 1661 implicitus
383 1593 508 1664 aliquando
524 1593 596 1648 etiam
606 1593 675 1647 virus
685 1593 711 1648 in
721 1593 798 1647 iustae
810 1605 902 1660 poenae
911 1590 1010 1662 laqueos
1025 1591 1084 1646 inci·

102 1676 143 1729 dat
166 1674 403 1746 (1.136-149).
432 1675 616 1748 Elegantissima
637 1691 709 1746 porro
732 1675 864 1746 eademque
885 1675 1027 1746 gravissima
1048 1683 1084 1728 est

100 1759 191 1831 penno
200 1758 305 1823 deciano,
316 1775 377 1830 quae
388 1775 401 1814 a
412 1762 481 1814 malis
492 1767 618 1830 parentum
628 1760 745 1831 exemplis
755 1757 871 1830 prolecta,
883 1757 970 1829 quihus
979 1759 1085 1814 minores

101 1857 178 1913 quum
194 1843 224 1898 ad
240 1843 286 1898 alia
302 1843 358 1898 deta
375 1843 412 1910 (v.
425 1850 439 1901 1
452 1847 562 1913 -106)
582 1849 634 1898 turn
650 1843 680 1898 ad
695 1843 817 1899 avaritiam
827 1842 996 1909 instituantur,
1013 1841 1085 1896 huius

102 1926 179 1996 ipsius
189 1927 214 1982 id
224 1927 379 1997 praecipuum
390 1941 443 1982 esse
454 1928 574 1998 meritur,
586 1928 651 1997 quod
662 1941 737 1998 quum
747 1931 883 1980 ceterorum
893 1925 996 1978 imitatio
1007 1925 1032 1978 in
1041 1941 1083 1980 uo·

103 2011 196 2064 luntate
210 2009 314 2066 hominis
324 2011 403 2080 posita
412 2012 456 2073 sit,
473 2011 533 2064 haec
543 2009 630 2064 hianda
642 2010 737 2064 virtutis
748 2008 829 2078 specie
838 2007 878 2062 vel
888 2007 975 2062 inritos
985 2007 1085 2079 abripiat

101 2093 141 2159 (a.
153 2096 204 2150 107
215 2119 251 2130 -
262 2095 338 2162 111),
356 2094 461 2164 dumque
475 2093 633 2169 parsimoniae
649 2108 677 2148 ao
688 2091 833 2164 liugohtatis
850 2091 947 2146 nomine
964 2092 1082 2146 atrocissi«

103 2191 156 2231 mas
173 2175 271 2229 iniurias
290 2176 443 2232 commendet
460 2177 693 2247 (1.113-109),
712 2176 808 2232 adultos
817 2181 945 2246 praecepta
956 2189 970 2228 a
980 2175 1084 2246 parenti·

102 2261 149 2315 hus
159 2265 257 2329 accepta
269 2267 352 2315 contra
362 2260 407 2315 hos
417 2261 482 2330 ipsos
492 2267 585 2316 venero
597 2262 682 2318 doceat
693 2261 729 2328 (v.
744 2263 921 2329 110-155);
933 2259 1017 2314 eadem
1026 2274 1084 2314 vero

103 2349 178 2415 negat
188 2343 316 2415 quidquam
327 2345 431 2415 ineptius
446 2345 640 2415 inveniriposse,
659 2360 720 2417 quae
730 2343 854 2400 homiuem
865 2343 1003 2414 acquirendi
1013 2357 1083 2398 causa

103 2442 198 2482 summa
209 2427 344 2484 discrimina
360 2428 425 2483 adire
442 2428 478 2495 (r.
489 2433 542 2487 156
551 2432 664 2498 -3ο1)
676 2429 774 2498 ipsaque
783 2425 899 2498 acquisita
910 2425 982 2480 edam
994 2439 1082 2480 marone

105 2525 161 2566 cum
171 2510 331 2566 sollicitudine
342 2511 463 2566 custodire
473 2517 548 2583 cogat
559 2511 594 2577 (r.
608 2513 785 2578 303-311);
802 2524 880 2582 eoque
890 2517 961 2580 pacto
973 2510 1002 2564 ad
1014 2525 1084 2564 noerae

104 2595 249 2666 frugalitatis
263 2595 345 2650 laudes
355 2595 495 2663 revomitur,
515 2609 575 2666 quae
587 2599 616 2649 ut
628 2595 652 2649 in
662 2595 777 2666 sapientia
788 2607 883 2649 summa
893 2594 937 2657 sit,
950 2593 982 2647 ita
993 2608 1024 2646 ne
1034 2595 1083 2648 lor·

104 2687 177 2733 tunae
187 2679 284 2750 quidem
295 2679 370 2744 donis,
383 2679 440 2734 dum
451 2679 538 2734 modus
548 2685 663 2746 manetur,
676 2679 766 2750 pertrui
775 2683 841 2734 velot
852 2676 887 2743 (v.
899 2681 951 2736 315
964 2705 996 2716 -·
1007 2679 1082 2745 331).

104 2762 155 2817 Nec
165 2764 272 2834 pentorn
288 2764 400 2819 decimum
412 2765 521 2829 satiram,
540 2763 648 2834 quamvls
665 2777 679 2817 a
694 2763 779 2818 latiore
794 2762 909 2816 vitiorum
924 2760 1084 2815 humanorum

103 2861 190 2915 campo
208 2847 237 2902 ad
258 2848 403 2916 peculiarem
423 2847 537 2902 harharae
555 2848 709 2902 immanitatis
730 2845 912 2902 insectationem
936 2844 1083 2908 translatam,

103 2930 221 2984 luvenalis
234 2937 276 2986 aut
286 2932 383 3003 ingenio
395 2939 437 2986 aut
452 2938 504 2986 ante
512 2931 636 3004 indiguam
647 2945 700 2986 esse
710 2938 735 2985 ct
750 2930 836 3000 ipsein
847 2927 963 2984 Zeltsohr.
976 2927 995 2982 1.
1008 2927 1031 2984 d.
1044 2927 1085 2981 hl-

103 3013 175 3068 terth.
189 3018 354 3084 1813174
374 3031 426 3087 sqq.
438 3014 546 3085 plmihus
563 3015 658 3070 delendi
675 3021 700 3068 ct
715 3015 742 3069 Α.
754 3014 780 3070 l.
798 3011 922 3067 Dttllcoius
939 3010 1050 3066 inBeitr.
1062 3029 1084 3066 z.

103 3097 182 3152 llritilr
199 3113 222 3152 u.
237 3096 304 3152 llrlnl.
316 3099 341 3153 d.
352 3099 458 3163 Juvenal,
478 3098 547 3154 lliew
557 3102 636 3157 1346.
648 3102 679 3161 8,
691 3113 714 3168 p.
725 3101 776 3155 111
789 3111 840 3168 sqq.
858 3101 969 3152 accurata
979 3096 1085 3166 disputa-

103 3183 170 3236 tione
181 3180 344 3244 monnone
356 3197 428 3254 quana
438 3181 479 3253 qui
489 3183 513 3237 in
524 3180 697 3238 dubitationem
707 3177 794 3236 vocare
805 3187 905 3236 conatus
916 3186 953 3234 est
967 3179 996 3235 C.
1011 3179 1085 3234 llem·

103 3265 167 3335 phos
184 3263 278 3319 ohserv.
293 3267 317 3320 in
331 3266 412 3323 luveo.
423 3265 513 3338 aliquot
523 3267 604 3332 locos,
615 3265 693 3322 Berol.
709 3269 785 3324 1843.
796 3269 897 3334 11160
907 3279 968 3335 sqq,
980 3263 1028 3319 hoc
1039 3263 1085 3317 im·

104 3349 188 3419 primis
198 3347 385 3406 animadvertere
396 3349 518 3421 neglexit,
529 3349 641 3405 Hadriani
652 3356 742 3416 aetate,
759 3364 820 3420 quae
831 3347 945 3404 ascititias
955 3347 1085 3418 religiones

105 3434 182 3488 multo
192 3432 268 3502 pluris
277 3449 349 3504 quaro
358 3434 447 3504 patrias
457 3433 573 3502 iaciebat,
591 3433 663 3488 etiam
674 3433 814 3504 peregrinae
825 3431 1000 3502 superstitionis
1009 3429 1086 3486 toedi-

106 3525 189 3580 tatcm
200 3517 276 3587 qualis
286 3516 326 3572 hic
336 3520 426 3573 receuti
437 3517 540 3573 duorum
546 3516 649 3588 Aegypti
661 3515 804 3586 oppidorum
811 3516 921 3585 exemplo
933 3513 1083 3574 describitur,

106 3599 229 3655 Romanae
241 3602 327 3656 satirae
338 3603 415 3657 lacem
426 3600 532 3656 excitare
541 3601 657 3674 potuisse.
682 3599 762 3656 Unum
773 3604 798 3653 et
813 3599 837 3652 ln
850 3596 952 3732 1111111111
963 3601 986 3648 et
998 3595 1021 3649 in
1032 3608 1086 3648 mea

150 3700 205 3740 rnv.
223 3701 283 3738 sar.
