<?xml version="1.0" encoding="UTF-8"?>
<!DOCTYPE html PUBLIC "-//W3C//DTD XHTML 1.0 Transitional//EN"
    "http://www.w3.org/TR/xhtml1/DTD/xhtml1-transitional.dtd">
<html xmlns="http://www.w3.org/1999/xhtml" xml:lang="en" lang="en">
 <head>
  <title>
</title>
<meta http-equiv="Content-Type" content="text/html;charset=utf-8" />
  <meta name='ocr-system' content='tesseract 3.04.00' />
  <meta name='ocr-capabilities' content='ocr_page ocr_carea ocr_par ocr_line ocrx_word'/>
</head>
<body>
  <div class='ocr_page' id='page_1' title='image "./satirarumlibriq01juvegoog_0046.png"; bbox 0 0 2582 3950; ppageno 0'>
   <div class='ocr_carea' id='block_1_1' title="bbox 514 254 699 305">
    <p class='ocr_par' dir='ltr' id='par_1_1' title="bbox 514 254 699 305">
     <span class='ocr_line' id='line_1_1' title="bbox 514 254 699 305; baseline 0.016 -3"><span class='ocrx_word' id='word_1_1' title='bbox 514 254 640 302; x_wconf 74' lang='lat' dir='ltr'><strong>smus</strong></span> <span class='ocrx_word' id='word_1_2' title='bbox 662 257 699 305; x_wconf 88' lang='lat'><strong>11.</strong></span> 
     </span>
    </p>
   </div>
   <div class='ocr_carea' id='block_1_2' title="bbox 38 393 1129 3570">
    <p class='ocr_par' dir='ltr' id='par_1_2' title="bbox 38 393 1129 3484">
     <span class='ocr_line' id='line_1_2' title="bbox 107 393 775 470; baseline -0.003 -14"><span class='ocrx_word' id='word_1_3' title='bbox 107 394 258 470; x_wconf 76' lang='lat' dir='ltr'>Libertas,</span> <span class='ocrx_word' id='word_1_4' title='bbox 282 403 312 454; x_wconf 89' lang='lat' dir='ltr'><strong>et</strong></span> <span class='ocrx_word' id='word_1_5' title='bbox 333 393 412 453; x_wconf 87' lang='lat' dir='ltr'><strong>crine</strong></span> <span class='ocrx_word' id='word_1_6' title='bbox 435 411 527 454; x_wconf 86' lang='lat' dir='ltr'><strong>senex</strong></span> <span class='ocrx_word' id='word_1_7' title='bbox 546 395 686 456; x_wconf 88' lang='lat' dir='ltr'><strong>lunaticus</strong></span> <span class='ocrx_word' id='word_1_8' title='bbox 708 396 775 457; x_wconf 95' lang='lat' dir='ltr'><strong>albo</strong></span> 
     </span>
     <span class='ocr_line' id='line_1_3' title="bbox 108 477 919 558; baseline 0.001 -19"><span class='ocrx_word' id='word_1_9' title='bbox 108 479 264 540; x_wconf 79' lang='lat' dir='ltr'>Sacrorum</span> <span class='ocrx_word' id='word_1_10' title='bbox 287 479 422 554; x_wconf 88' lang='lat' dir='ltr'><strong>antistes,</strong></span> <span class='ocrx_word' id='word_1_11' title='bbox 443 496 537 538; x_wconf 89' lang='lat' dir='ltr'><strong>rarum</strong></span> <span class='ocrx_word' id='word_1_12' title='bbox 560 495 596 539; x_wconf 88' lang='lat' dir='ltr'><strong>ac</strong></span> <span class='ocrx_word' id='word_1_13' title='bbox 613 477 802 540; x_wconf 83' lang='lat' dir='ltr'><strong>memorabile</strong></span> <span class='ocrx_word' id='word_1_14' title='bbox 824 483 919 558; x_wconf 82' lang='lat' dir='ltr'><strong>magni</strong></span> 
     </span>
     <span class='ocr_line' id='line_1_4' title="bbox 109 561 880 641; baseline -0.001 -18"><span class='ocrx_word' id='word_1_15' title='bbox 109 561 236 624; x_wconf 86' lang='lat' dir='ltr'><strong>Gutturis</strong></span> <span class='ocrx_word' id='word_1_16' title='bbox 259 561 423 639; x_wconf 85' lang='lat' dir='ltr'><strong>exemplum</strong></span> <span class='ocrx_word' id='word_1_17' title='bbox 447 563 713 641; x_wconf 79' lang='lat' dir='ltr'><strong>conducendusque</strong></span> <span class='ocrx_word' id='word_1_18' title='bbox 732 564 880 640; x_wconf 83' lang='lat' dir='ltr'><strong>magister.</strong></span> 
     </span>
     <span class='ocr_line' id='line_1_5' title="bbox 108 645 1099 726; baseline 0.01 -22"><span class='ocrx_word' id='word_1_19' title='bbox 108 645 184 720; x_wconf 82' lang='lat' dir='ltr'><strong>Quid</strong></span> <span class='ocrx_word' id='word_1_20' title='bbox 198 654 294 706; x_wconf 85' lang='lat' dir='ltr'><strong>tannen</strong></span> <span class='ocrx_word' id='word_1_21' title='bbox 309 653 499 724; x_wconf 85' lang='lat' dir='ltr'><strong>exspectant,</strong></span> <span class='ocrx_word' id='word_1_22' title='bbox 523 645 649 723; x_wconf 78' lang='lat' dir='ltr'><strong>Phrygio</strong></span> <span class='ocrx_word' id='word_1_23' title='bbox 667 663 740 726; x_wconf 91' lang='lat' dir='ltr'><strong>quos</strong></span> <span class='ocrx_word' id='word_1_24' title='bbox 757 654 871 725; x_wconf 90' lang='lat' dir='ltr'><strong>tempus</strong></span> <span class='ocrx_word' id='word_1_25' title='bbox 888 657 949 708; x_wconf 89' lang='lat' dir='ltr'><strong>erat</strong></span> <span class='ocrx_word' id='word_1_26' title='bbox 966 649 1021 709; x_wconf 86' lang='lat' dir='ltr'><strong>iarn</strong></span> <span class='ocrx_word' id='word_1_27' title='bbox 1050 660 1099 714; x_wconf 85' lang='lat'><strong>115</strong></span> 
     </span>
     <span class='ocr_line' id='line_1_6' title="bbox 107 727 905 809; baseline 0.001 -20"><span class='ocrx_word' id='word_1_28' title='bbox 107 728 191 790; x_wconf 88' lang='lat' dir='ltr'><strong>blore</strong></span> <span class='ocrx_word' id='word_1_29' title='bbox 214 746 425 808; x_wconf 86' lang='lat' dir='ltr'><strong>supervacuam</strong></span> <span class='ocrx_word' id='word_1_30' title='bbox 447 729 547 790; x_wconf 89' lang='lat' dir='ltr'><strong>cultris</strong></span> <span class='ocrx_word' id='word_1_31' title='bbox 569 729 744 809; x_wconf 89' lang='lat' dir='ltr'><strong>abrumpere</strong></span> <span class='ocrx_word' id='word_1_32' title='bbox 768 727 905 790; x_wconf 81' lang='lat' dir='ltr'><strong>narnerni</strong></span> 
     </span>
     <span class='ocr_line' id='line_1_7' title="bbox 108 811 873 891; baseline 0.001 -19"><span class='ocrx_word' id='word_1_33' title='bbox 108 812 327 891; x_wconf 78' lang='lat' dir='ltr'><strong>Quadringenta</strong></span> <span class='ocrx_word' id='word_1_34' title='bbox 349 813 429 874; x_wconf 86' lang='lat' dir='ltr'><strong>dedit</strong></span> <span class='ocrx_word' id='word_1_35' title='bbox 447 811 595 874; x_wconf 79' lang='lat' dir='ltr'><strong>Gracchus</strong></span> <span class='ocrx_word' id='word_1_36' title='bbox 620 815 755 874; x_wconf 85' lang='lat' dir='ltr'><strong>sestertia</strong></span> <span class='ocrx_word' id='word_1_37' title='bbox 777 814 873 874; x_wconf 88' lang='lat' dir='ltr'><strong>dotem</strong></span> 
     </span>
     <span class='ocr_line' id='line_1_8' title="bbox 108 895 830 972; baseline -0.001 -15"><span class='ocrx_word' id='word_1_38' title='bbox 108 895 273 972; x_wconf 84' lang='lat' dir='ltr'><strong>Cornicini,</strong></span> <span class='ocrx_word' id='word_1_39' title='bbox 298 897 360 957; x_wconf 83' lang='lat' dir='ltr'><strong>sivo</strong></span> <span class='ocrx_word' id='word_1_40' title='bbox 383 896 431 956; x_wconf 87' lang='lat' dir='ltr'><strong>hio</strong></span> <span class='ocrx_word' id='word_1_41' title='bbox 452 906 534 957; x_wconf 91' lang='lat' dir='ltr'><strong>recto</strong></span> <span class='ocrx_word' id='word_1_42' title='bbox 555 905 722 958; x_wconf 87' lang='lat' dir='ltr'><strong>cantaverat</strong></span> <span class='ocrx_word' id='word_1_43' title='bbox 743 914 830 958; x_wconf 89' lang='lat' dir='ltr'><strong>aere:</strong></span> 
     </span>
     <span class='ocr_line' id='line_1_9' title="bbox 107 979 836 1060; baseline -0.001 -20"><span class='ocrx_word' id='word_1_44' title='bbox 107 981 246 1060; x_wconf 78' lang='lat' dir='ltr'><strong>Signatus</strong></span> <span class='ocrx_word' id='word_1_45' title='bbox 269 979 406 1052; x_wconf 89' lang='lat' dir='ltr'><strong>tabulae;</strong></span> <span class='ocrx_word' id='word_1_46' title='bbox 430 980 536 1040; x_wconf 88' lang='lat' dir='ltr'><strong>dictum</strong></span> <span class='ocrx_word' id='word_1_47' title='bbox 558 979 710 1042; x_wconf 87' lang='lat' dir='ltr'><strong>Feliciter!</strong></span> <span class='ocrx_word' id='word_1_48' title='bbox 733 981 836 1058; x_wconf 78' lang='lat' dir='ltr'><strong>ingens</strong></span> 
     </span>
     <span class='ocr_line' id='line_1_10' title="bbox 107 1063 902 1143; baseline -0.003 -18"><span class='ocrx_word' id='word_1_49' title='bbox 107 1063 210 1125; x_wconf 83' lang='lat' dir='ltr'><strong>Coena</strong></span> <span class='ocrx_word' id='word_1_50' title='bbox 232 1064 330 1138; x_wconf 83' lang='lat' dir='ltr'><strong>sedct3</strong></span> <span class='ocrx_word' id='word_1_51' title='bbox 352 1065 465 1142; x_wconf 75' lang='lat' dir='ltr'><strong>grenno</strong></span> <span class='ocrx_word' id='word_1_52' title='bbox 483 1065 570 1124; x_wconf 90' lang='lat' dir='ltr'><strong>iacuit</strong></span> <span class='ocrx_word' id='word_1_53' title='bbox 592 1081 668 1124; x_wconf 90' lang='lat' dir='ltr'><strong>nova</strong></span> <span class='ocrx_word' id='word_1_54' title='bbox 690 1073 778 1143; x_wconf 92' lang='lat' dir='ltr'><strong>nupta</strong></span> <span class='ocrx_word' id='word_1_55' title='bbox 799 1065 902 1124; x_wconf 89' lang='lat' dir='ltr'><strong>rnariti.</strong></span> 
     </span>
     <span class='ocr_line' id='line_1_11' title="bbox 107 1145 987 1227; baseline 0.001 -20"><span class='ocrx_word' id='word_1_56' title='bbox 107 1147 132 1207; x_wconf 95' lang='lat'>0</span> <span class='ocrx_word' id='word_1_57' title='bbox 154 1164 315 1227; x_wconf 88' lang='lat' dir='ltr'><strong>proceres,</strong></span> <span class='ocrx_word' id='word_1_58' title='bbox 338 1164 464 1208; x_wconf 86' lang='lat' dir='ltr'><strong>censore</strong></span> <span class='ocrx_word' id='word_1_59' title='bbox 487 1165 560 1227; x_wconf 92' lang='lat' dir='ltr'><strong>opus</strong></span> <span class='ocrx_word' id='word_1_60' title='bbox 579 1156 624 1208; x_wconf 90' lang='lat' dir='ltr'><strong>est</strong></span> <span class='ocrx_word' id='word_1_61' title='bbox 643 1165 679 1208; x_wconf 94' lang='lat' dir='ltr'><strong>au</strong></span> <span class='ocrx_word' id='word_1_62' title='bbox 700 1148 856 1227; x_wconf 85' lang='lat' dir='ltr'><strong>haruspice</strong></span> <span class='ocrx_word' id='word_1_63' title='bbox 879 1145 987 1208; x_wconf 84' lang='lat' dir='ltr'><strong>nobis?</strong></span> 
     </span>
     <span class='ocr_line' id='line_1_12' title="bbox 106 1230 876 1312; baseline -0.004 -19"><span class='ocrx_word' id='word_1_64' title='bbox 106 1233 229 1294; x_wconf 76' lang='lat' dir='ltr'><strong>Scilicet</strong></span> <span class='ocrx_word' id='word_1_65' title='bbox 249 1230 389 1292; x_wconf 89' lang='lat' dir='ltr'><strong>horreres</strong></span> <span class='ocrx_word' id='word_1_66' title='bbox 407 1231 575 1312; x_wconf 86' lang='lat' dir='ltr'><strong>maioraque</strong></span> <span class='ocrx_word' id='word_1_67' title='bbox 598 1242 724 1292; x_wconf 90' lang='lat' dir='ltr'><strong>monstra</strong></span> <span class='ocrx_word' id='word_1_68' title='bbox 746 1240 876 1311; x_wconf 88' lang='lat' dir='ltr'><strong>putares,</strong></span> 
     </span>
     <span class='ocr_line' id='line_1_13' title="bbox 106 1311 867 1394; baseline -0.005 -17"><span class='ocrx_word' id='word_1_69' title='bbox 106 1316 141 1377; x_wconf 90' lang='lat' dir='ltr'><strong>Si</strong></span> <span class='ocrx_word' id='word_1_70' title='bbox 162 1314 266 1376; x_wconf 88' lang='lat' dir='ltr'><strong>mulier</strong></span> <span class='ocrx_word' id='word_1_71' title='bbox 286 1315 405 1376; x_wconf 88' lang='lat' dir='ltr'><strong>vitulum</strong></span> <span class='ocrx_word' id='word_1_72' title='bbox 424 1314 473 1375; x_wconf 85' lang='lat' dir='ltr'><strong>vel</strong></span> <span class='ocrx_word' id='word_1_73' title='bbox 495 1317 519 1375; x_wconf 92' lang='lat' dir='ltr'><strong>si</strong></span> <span class='ocrx_word' id='word_1_74' title='bbox 541 1315 596 1375; x_wconf 92' lang='lat' dir='ltr'><strong>bos</strong></span> <span class='ocrx_word' id='word_1_75' title='bbox 619 1317 722 1377; x_wconf 88' lang='lat' dir='ltr'><strong>ederet</strong></span> <span class='ocrx_word' id='word_1_76' title='bbox 741 1311 867 1394; x_wconf 79' lang='lat' dir='ltr'><strong>agnum?</strong></span> 
     </span>
     <span class='ocr_line' id='line_1_14' title="bbox 106 1398 898 1477; baseline -0.003 -17"><span class='ocrx_word' id='word_1_77' title='bbox 106 1400 266 1477; x_wconf 80' lang='lat' dir='ltr'><strong>Segrucnta</strong></span> <span class='ocrx_word' id='word_1_78' title='bbox 288 1408 317 1459; x_wconf 89' lang='lat' dir='ltr'><strong>et</strong></span> <span class='ocrx_word' id='word_1_79' title='bbox 339 1399 446 1476; x_wconf 78' lang='lat' dir='ltr'><strong>longos</strong></span> <span class='ocrx_word' id='word_1_80' title='bbox 464 1398 578 1460; x_wconf 88' lang='lat' dir='ltr'><strong>habitus</strong></span> <span class='ocrx_word' id='word_1_81' title='bbox 601 1409 630 1460; x_wconf 89' lang='lat' dir='ltr'><strong>et</strong></span> <span class='ocrx_word' id='word_1_82' title='bbox 652 1401 783 1460; x_wconf 85' lang='lat' dir='ltr'><strong>flammea</strong></span> <span class='ocrx_word' id='word_1_83' title='bbox 803 1399 898 1476; x_wconf 89' lang='lat' dir='ltr'><strong>sumit,</strong></span> 
     </span>
     <span class='ocr_line' id='line_1_15' title="bbox 105 1482 757 1562; baseline 0.002 -20"><span class='ocrx_word' id='word_1_84' title='bbox 105 1482 225 1543; x_wconf 79' lang='lat' dir='ltr'><strong>Arcano</strong></span> <span class='ocrx_word' id='word_1_85' title='bbox 245 1485 293 1562; x_wconf 90' lang='lat' dir='ltr'><strong>qui</strong></span> <span class='ocrx_word' id='word_1_86' title='bbox 316 1500 399 1543; x_wconf 86' lang='lat' dir='ltr'><strong>sacra</strong></span> <span class='ocrx_word' id='word_1_87' title='bbox 420 1483 520 1544; x_wconf 82' lang='lat' dir='ltr'><strong>ferens</strong></span> <span class='ocrx_word' id='word_1_88' title='bbox 539 1485 664 1544; x_wconf 91' lang='lat' dir='ltr'><strong>nutantia</strong></span> <span class='ocrx_word' id='word_1_89' title='bbox 691 1484 757 1544; x_wconf 94' lang='lat' dir='ltr'><strong>loro</strong></span> 
     </span>
     <span class='ocr_line' id='line_1_16' title="bbox 106 1565 823 1647; baseline 0.001 -21"><span class='ocrx_word' id='word_1_90' title='bbox 106 1567 227 1627; x_wconf 87' lang='lat' dir='ltr'><strong>Sudavit</strong></span> <span class='ocrx_word' id='word_1_91' title='bbox 259 1567 364 1645; x_wconf 83' lang='lat' dir='ltr'><strong>clipeis</strong></span> <span class='ocrx_word' id='word_1_92' title='bbox 387 1565 537 1628; x_wconf 86' lang='lat' dir='ltr'><strong>ancilibus.</strong></span> <span class='ocrx_word' id='word_1_93' title='bbox 584 1565 715 1647; x_wconf 88' lang='lat' dir='ltr'><strong>Opater</strong></span> <span class='ocrx_word' id='word_1_94' title='bbox 733 1566 823 1643; x_wconf 88' lang='lat' dir='ltr'><strong>urbis,</strong></span> 
     </span>
     <span class='ocr_line' id='line_1_17' title="bbox 104 1648 837 1730; baseline 0.003 -20"><span class='ocrx_word' id='word_1_95' title='bbox 104 1649 191 1711; x_wconf 89' lang='lat' dir='ltr'><strong>Unde</strong></span> <span class='ocrx_word' id='word_1_96' title='bbox 212 1649 296 1711; x_wconf 84' lang='lat' dir='ltr'><strong>naias</strong></span> <span class='ocrx_word' id='word_1_97' title='bbox 316 1658 423 1710; x_wconf 88' lang='lat' dir='ltr'><strong>tanturn</strong></span> <span class='ocrx_word' id='word_1_98' title='bbox 445 1649 532 1711; x_wconf 85' lang='lat' dir='ltr'><strong>Latiis</strong></span> <span class='ocrx_word' id='word_1_99' title='bbox 552 1648 739 1730; x_wconf 77' lang='lat' dir='ltr'><strong>pastoribus?</strong></span> <span class='ocrx_word' id='word_1_100' title='bbox 761 1652 837 1712; x_wconf 86' lang='lat' dir='ltr'><strong>nuda</strong></span> 
     </span>
     <span class='ocr_line' id='line_1_18' title="bbox 38 1731 854 1813; baseline 0.001 -20"><span class='ocrx_word' id='word_1_101' title='bbox 38 1761 42 1766; x_wconf 56' lang='lat'>¹</span> <span class='ocrx_word' id='word_1_102' title='bbox 105 1733 188 1794; x_wconf 66' lang='lat' dir='ltr'><strong>ilaec</strong></span> <span class='ocrx_word' id='word_1_103' title='bbox 209 1733 320 1812; x_wconf 78' lang='lat' dir='ltr'><strong>tetigit,</strong></span> <span class='ocrx_word' id='word_1_104' title='bbox 342 1731 484 1810; x_wconf 85' lang='lat' dir='ltr'><strong>Gradive,</strong></span> <span class='ocrx_word' id='word_1_105' title='bbox 506 1743 572 1796; x_wconf 91' lang='lat' dir='ltr'><strong>tuos</strong></span> <span class='ocrx_word' id='word_1_106' title='bbox 594 1736 686 1795; x_wconf 92' lang='lat' dir='ltr'><strong>urtica</strong></span> <span class='ocrx_word' id='word_1_107' title='bbox 707 1732 854 1813; x_wconf 79' lang='lat' dir='ltr'><strong>nepotes?</strong></span> 
     </span>
     <span class='ocr_line' id='line_1_19' title="bbox 107 1817 993 1898; baseline 0.002 -22"><span class='ocrx_word' id='word_1_108' title='bbox 107 1817 242 1877; x_wconf 89' lang='lat' dir='ltr'><strong>Traditur</strong></span> <span class='ocrx_word' id='word_1_109' title='bbox 265 1834 338 1878; x_wconf 90' lang='lat' dir='ltr'><strong>ecce</strong></span> <span class='ocrx_word' id='word_1_110' title='bbox 361 1820 423 1878; x_wconf 85' lang='lat' dir='ltr'><strong>viro</strong></span> <span class='ocrx_word' id='word_1_111' title='bbox 448 1818 543 1880; x_wconf 90' lang='lat' dir='ltr'><strong>clarus</strong></span> <span class='ocrx_word' id='word_1_112' title='bbox 565 1836 677 1897; x_wconf 79' lang='lat' dir='ltr'><strong>genere</strong></span> <span class='ocrx_word' id='word_1_113' title='bbox 699 1828 786 1898; x_wconf 89' lang='lat' dir='ltr'><strong>atque</strong></span> <span class='ocrx_word' id='word_1_114' title='bbox 809 1817 914 1897; x_wconf 89' lang='lat' dir='ltr'><strong>opibus</strong></span> <span class='ocrx_word' id='word_1_115' title='bbox 934 1819 993 1878; x_wconf 90' lang='lat' dir='ltr'><strong>vir:</strong></span> 
     </span>
     <span class='ocr_line' id='line_1_20' title="bbox 105 1899 1129 1981; baseline 0.003 -20"><span class='ocrx_word' id='word_1_116' title='bbox 105 1899 171 1961; x_wconf 86' lang='lat' dir='ltr'><strong>Nec</strong></span> <span class='ocrx_word' id='word_1_117' title='bbox 193 1900 308 1980; x_wconf 81' lang='lat' dir='ltr'><strong>galeam</strong></span> <span class='ocrx_word' id='word_1_118' title='bbox 329 1918 468 1981; x_wconf 90' lang='lat' dir='ltr'><strong>quassas,</strong></span> <span class='ocrx_word' id='word_1_119' title='bbox 491 1920 549 1962; x_wconf 92' lang='lat' dir='ltr'><strong>nec</strong></span> <span class='ocrx_word' id='word_1_120' title='bbox 571 1910 678 1963; x_wconf 89' lang='lat' dir='ltr'><strong>terram</strong></span> <span class='ocrx_word' id='word_1_121' title='bbox 701 1902 822 1981; x_wconf 87' lang='lat' dir='ltr'><strong>cuspide</strong></span> <span class='ocrx_word' id='word_1_122' title='bbox 845 1901 955 1981; x_wconf 90' lang='lat' dir='ltr'><strong>pulsas,</strong></span> <span class='ocrx_word' id='word_1_123' title='bbox 1050 1910 1129 1964; x_wconf 69' lang='grc'>130,</span> 
     </span>
     <span class='ocr_line' id='line_1_21' title="bbox 105 1982 900 2063; baseline -0.003 -18"><span class='ocrx_word' id='word_1_124' title='bbox 105 1983 171 2045; x_wconf 91' lang='lat' dir='ltr'><strong>Nec</strong></span> <span class='ocrx_word' id='word_1_125' title='bbox 215 1987 328 2046; x_wconf 83' lang='lat' dir='ltr'><strong>ueneris</strong></span> <span class='ocrx_word' id='word_1_126' title='bbox 347 1982 443 2063; x_wconf 81' lang='lat' dir='ltr'><strong>patri?</strong></span> <span class='ocrx_word' id='word_1_127' title='bbox 464 1985 541 2047; x_wconf 89' lang='lat' dir='ltr'><strong>vade</strong></span> <span class='ocrx_word' id='word_1_128' title='bbox 561 1995 682 2062; x_wconf 78' lang='lat' dir='ltr'><strong>ergoet</strong></span> <span class='ocrx_word' id='word_1_129' title='bbox 705 1985 779 2045; x_wconf 89' lang='lat' dir='ltr'><strong>cede</strong></span> <span class='ocrx_word' id='word_1_130' title='bbox 801 1984 900 2044; x_wconf 87' lang='lat' dir='ltr'><strong>severi</strong></span> 
     </span>
     <span class='ocr_line' id='line_1_22' title="bbox 105 2003 971 2150; baseline -0.006 -20"><span class='ocrx_word' id='word_1_131' title='bbox 105 2003 260 2146; x_wconf 55' lang='lat' dir='ltr'><strong>lugerbrns</strong></span> <span class='ocrx_word' id='word_1_132' title='bbox 284 2069 395 2148; x_wconf 89' lang='lat' dir='ltr'><strong>campi,</strong></span> <span class='ocrx_word' id='word_1_133' title='bbox 416 2086 502 2150; x_wconf 88' lang='lat' dir='ltr'><strong>quern</strong></span> <span class='ocrx_word' id='word_1_134' title='bbox 525 2069 733 2148; x_wconf 59' lang='lat' dir='ltr'><strong>neglegislw-</strong></span> <span class='ocrx_word' id='word_1_135' title='bbox 750 2064 884 2129; x_wconf 85' lang='lat' dir='ltr'><strong>Officium</strong></span> <span class='ocrx_word' id='word_1_136' title='bbox 907 2083 971 2126; x_wconf 89' lang='lat' dir='ltr'><strong>cras</strong></span> 
     </span>
     <span class='ocr_line' id='line_1_23' title="bbox 105 2152 888 2231; baseline -0.006 -17"><span class='ocrx_word' id='word_1_137' title='bbox 105 2153 202 2214; x_wconf 85' lang='lat' dir='ltr'><strong>Primo</strong></span> <span class='ocrx_word' id='word_1_138' title='bbox 224 2153 288 2213; x_wconf 90' lang='lat' dir='ltr'><strong>sole</strong></span> <span class='ocrx_word' id='word_1_139' title='bbox 308 2153 376 2213; x_wconf 88' lang='lat' dir='ltr'><strong>mihi</strong></span> <span class='ocrx_word' id='word_1_140' title='bbox 398 2152 597 2231; x_wconf 79' lang='lat' dir='ltr'><strong>peragendum</strong></span> <span class='ocrx_word' id='word_1_141' title='bbox 619 2153 647 2212; x_wconf 94' lang='lat' dir='ltr'><strong>in</strong></span> <span class='ocrx_word' id='word_1_142' title='bbox 665 2152 743 2214; x_wconf 86' lang='lat' dir='ltr'><strong>valle</strong></span> <span class='ocrx_word' id='word_1_143' title='bbox 768 2152 888 2227; x_wconf 83' lang='lat' dir='ltr'><strong>Quirini.</strong></span> 
     </span>
     <span class='ocr_line' id='line_1_24' title="bbox 106 2233 929 2316; baseline 0 -21"><span class='ocrx_word' id='word_1_144' title='bbox 106 2235 189 2310; x_wconf 83' lang='lat' dir='ltr'><strong>Quae</strong></span> <span class='ocrx_word' id='word_1_145' title='bbox 213 2254 300 2296; x_wconf 87' lang='lat' dir='ltr'><strong>cansa</strong></span> <span class='ocrx_word' id='word_1_146' title='bbox 322 2233 434 2297; x_wconf 80' lang='lat' dir='ltr'><strong>oflicii?</strong></span> <span class='ocrx_word' id='word_1_147' title='bbox 455 2238 523 2316; x_wconf 93' lang='lat' dir='ltr'><strong>quid</strong></span> <span class='ocrx_word' id='word_1_148' title='bbox 546 2234 684 2316; x_wconf 81' lang='lat' dir='ltr'><strong>quaeris?</strong></span> <span class='ocrx_word' id='word_1_149' title='bbox 709 2236 789 2296; x_wconf 88' lang='lat' dir='ltr'><strong>nubit</strong></span> <span class='ocrx_word' id='word_1_150' title='bbox 811 2238 929 2311; x_wconf 87' lang='lat' dir='ltr'><strong>amicus,</strong></span> 
     </span>
     <span class='ocr_line' id='line_1_25' title="bbox 105 2316 1099 2396; baseline 0.002 -18"><span class='ocrx_word' id='word_1_151' title='bbox 105 2316 171 2380; x_wconf 91' lang='lat' dir='ltr'><strong>Nec</strong></span> <span class='ocrx_word' id='word_1_152' title='bbox 192 2320 298 2380; x_wconf 88' lang='lat' dir='ltr'><strong>multos</strong></span> <span class='ocrx_word' id='word_1_153' title='bbox 315 2320 490 2381; x_wconf 79' lang='lat' dir='ltr'><strong>adhibet-</strong></span> <span class='ocrx_word' id='word_1_154' title='bbox 499 2320 696 2382; x_wconf 84' lang='lat' dir='ltr'><strong>Liceatrnodo</strong></span> <span class='ocrx_word' id='word_1_155' title='bbox 711 2321 831 2380; x_wconf 86' lang='lat' dir='ltr'><strong>vivere:</strong></span> <span class='ocrx_word' id='word_1_156' title='bbox 854 2320 933 2396; x_wconf 85' lang='lat' dir='ltr'><strong>fient,</strong></span> <span class='ocrx_word' id='word_1_157' title='bbox 1050 2327 1099 2381; x_wconf 78' lang='lat'><strong>135</strong></span> 
     </span>
     <span class='ocr_line' id='line_1_26' title="bbox 104 2401 870 2484; baseline 0 -23"><span class='ocrx_word' id='word_1_158' title='bbox 104 2401 191 2462; x_wconf 82' lang='lat' dir='ltr'><strong>Fient</strong></span> <span class='ocrx_word' id='word_1_159' title='bbox 210 2405 266 2464; x_wconf 86' lang='lat' dir='ltr'><strong>ista</strong></span> <span class='ocrx_word' id='word_1_160' title='bbox 289 2403 402 2482; x_wconf 90' lang='lat' dir='ltr'><strong>palam,</strong></span> <span class='ocrx_word' id='word_1_161' title='bbox 426 2405 543 2484; x_wconf 88' lang='lat' dir='ltr'><strong>cupient</strong></span> <span class='ocrx_word' id='word_1_162' title='bbox 565 2413 595 2464; x_wconf 87' lang='lat' dir='ltr'><strong>et</strong></span> <span class='ocrx_word' id='word_1_163' title='bbox 617 2405 646 2462; x_wconf 92' lang='lat' dir='ltr'><strong>in</strong></span> <span class='ocrx_word' id='word_1_164' title='bbox 668 2413 733 2464; x_wconf 87' lang='lat' dir='ltr'><strong>acta</strong></span> <span class='ocrx_word' id='word_1_165' title='bbox 753 2403 870 2463; x_wconf 83' lang='lat' dir='ltr'><strong>referri.</strong></span> 
     </span>
     <span class='ocr_line' id='line_1_27' title="bbox 105 2484 866 2565; baseline 0 -19"><span class='ocrx_word' id='word_1_166' title='bbox 105 2486 223 2548; x_wconf 87' lang='lat' dir='ltr'><strong>Interea</strong></span> <span class='ocrx_word' id='word_1_167' title='bbox 244 2495 416 2547; x_wconf 88' lang='lat' dir='ltr'><strong>tormentum</strong></span> <span class='ocrx_word' id='word_1_168' title='bbox 437 2489 540 2565; x_wconf 77' lang='lat' dir='ltr'><strong>ingens</strong></span> <span class='ocrx_word' id='word_1_169' title='bbox 557 2485 732 2548; x_wconf 86' lang='lat' dir='ltr'><strong>nubentibus</strong></span> <span class='ocrx_word' id='word_1_170' title='bbox 753 2484 866 2564; x_wconf 86' lang='lat' dir='ltr'><strong>haeret,</strong></span> 
     </span>
     <span class='ocr_line' id='line_1_28' title="bbox 106 2570 946 2650; baseline 0.002 -20"><span class='ocrx_word' id='word_1_171' title='bbox 106 2570 194 2645; x_wconf 82' lang='lat' dir='ltr'><strong>Quod</strong></span> <span class='ocrx_word' id='word_1_172' title='bbox 214 2579 360 2649; x_wconf 85' lang='lat' dir='ltr'><strong>nequeant</strong></span> <span class='ocrx_word' id='word_1_173' title='bbox 379 2588 486 2649; x_wconf 89' lang='lat' dir='ltr'><strong>parere</strong></span> <span class='ocrx_word' id='word_1_174' title='bbox 508 2579 537 2630; x_wconf 89' lang='lat' dir='ltr'><strong>ct</strong></span> <span class='ocrx_word' id='word_1_175' title='bbox 558 2580 641 2650; x_wconf 91' lang='lat' dir='ltr'><strong>partu</strong></span> <span class='ocrx_word' id='word_1_176' title='bbox 661 2571 790 2631; x_wconf 85' lang='lat' dir='ltr'><strong>rotinere</strong></span> <span class='ocrx_word' id='word_1_177' title='bbox 811 2571 946 2642; x_wconf 73' lang='lat' dir='ltr'><strong>maritos:</strong></span> 
     </span>
     <span class='ocr_line' id='line_1_29' title="bbox 107 2653 879 2734; baseline 0 -20"><span class='ocrx_word' id='word_1_178' title='bbox 107 2653 168 2715; x_wconf 91' lang='lat' dir='ltr'><strong>Sed</strong></span> <span class='ocrx_word' id='word_1_179' title='bbox 190 2653 310 2730; x_wconf 88' lang='lat' dir='ltr'><strong>melius,</strong></span> <span class='ocrx_word' id='word_1_180' title='bbox 333 2653 411 2734; x_wconf 90' lang='lat' dir='ltr'><strong>quod</strong></span> <span class='ocrx_word' id='word_1_181' title='bbox 432 2653 473 2714; x_wconf 93' lang='lat' dir='ltr'><strong>nil</strong></span> <span class='ocrx_word' id='word_1_182' title='bbox 489 2653 590 2714; x_wconf 89' lang='lat' dir='ltr'><strong>animis</strong></span> <span class='ocrx_word' id='word_1_183' title='bbox 611 2654 640 2714; x_wconf 90' lang='lat' dir='ltr'><strong>in</strong></span> <span class='ocrx_word' id='word_1_184' title='bbox 660 2672 787 2734; x_wconf 87' lang='lat' dir='ltr'><strong>corpora</strong></span> <span class='ocrx_word' id='word_1_185' title='bbox 809 2655 879 2716; x_wconf 88' lang='lat' dir='ltr'><strong>iuris</strong></span> 
     </span>
     <span class='ocr_line' id='line_1_30' title="bbox 106 2736 853 2816; baseline 0.004 -20"><span class='ocrx_word' id='word_1_186' title='bbox 106 2736 215 2798; x_wconf 88' lang='lat' dir='ltr'><strong>Natura</strong></span> <span class='ocrx_word' id='word_1_187' title='bbox 236 2736 384 2815; x_wconf 81' lang='lat' dir='ltr'><strong>indulget:</strong></span> <span class='ocrx_word' id='word_1_188' title='bbox 408 2738 525 2800; x_wconf 87' lang='lat' dir='ltr'><strong>steriles</strong></span> <span class='ocrx_word' id='word_1_189' title='bbox 547 2740 715 2816; x_wconf 89' lang='lat' dir='ltr'><strong>moriuntur,</strong></span> <span class='ocrx_word' id='word_1_190' title='bbox 743 2739 853 2801; x_wconf 84' lang='lat' dir='ltr'><strong>stillis</strong></span> 
     </span>
     <span class='ocr_line' id='line_1_31' title="bbox 107 2820 836 2903; baseline 0.003 -22"><span class='ocrx_word' id='word_1_191' title='bbox 107 2820 235 2898; x_wconf 80' lang='lat' dir='ltr'><strong>&#39;lurgida</strong></span> <span class='ocrx_word' id='word_1_192' title='bbox 256 2838 313 2880; x_wconf 93' lang='lat' dir='ltr'><strong>non</strong></span> <span class='ocrx_word' id='word_1_193' title='bbox 330 2821 454 2900; x_wconf 89' lang='lat' dir='ltr'><strong>prodest</strong></span> <span class='ocrx_word' id='word_1_194' title='bbox 476 2822 592 2884; x_wconf 88' lang='lat' dir='ltr'><strong>condita</strong></span> <span class='ocrx_word' id='word_1_195' title='bbox 614 2822 723 2903; x_wconf 74' lang='lat' dir='ltr'><strong>pyxide</strong></span> <span class='ocrx_word' id='word_1_196' title='bbox 745 2821 836 2899; x_wconf 74' lang='lat' dir='ltr'><strong>Lyde,</strong></span> 
     </span>
     <span class='ocr_line' id='line_1_32' title="bbox 106 2903 869 2986; baseline 0 -22"><span class='ocrx_word' id='word_1_197' title='bbox 106 2903 172 2964; x_wconf 89' lang='lat' dir='ltr'><strong>Nec</strong></span> <span class='ocrx_word' id='word_1_198' title='bbox 194 2903 315 2983; x_wconf 90' lang='lat' dir='ltr'><strong>prodest</strong></span> <span class='ocrx_word' id='word_1_199' title='bbox 336 2904 405 2984; x_wconf 81' lang='lat' dir='ltr'><strong>agili</strong></span> <span class='ocrx_word' id='word_1_200' title='bbox 423 2907 534 2985; x_wconf 86' lang='lat' dir='ltr'><strong>palmas</strong></span> <span class='ocrx_word' id='word_1_201' title='bbox 554 2906 701 2986; x_wconf 86' lang='lat' dir='ltr'><strong>praehere</strong></span> <span class='ocrx_word' id='word_1_202' title='bbox 735 2910 869 2985; x_wconf 87' lang='lat' dir='ltr'><strong>luperco.</strong></span> 
     </span>
     <span class='ocr_line' id='line_1_33' title="bbox 106 2987 924 3064; baseline 0 -16"><span class='ocrx_word' id='word_1_203' title='bbox 106 2988 185 3048; x_wconf 90' lang='lat' dir='ltr'><strong>Vicit</strong></span> <span class='ocrx_word' id='word_1_204' title='bbox 206 2997 235 3049; x_wconf 91' lang='lat' dir='ltr'><strong>et</strong></span> <span class='ocrx_word' id='word_1_205' title='bbox 257 2989 315 3049; x_wconf 91' lang='lat' dir='ltr'><strong>hoo</strong></span> <span class='ocrx_word' id='word_1_206' title='bbox 334 2999 492 3050; x_wconf 87' lang='lat' dir='ltr'><strong>monstrum</strong></span> <span class='ocrx_word' id='word_1_207' title='bbox 514 2991 633 3050; x_wconf 88' lang='lat' dir='ltr'><strong>tunicati</strong></span> <span class='ocrx_word' id='word_1_208' title='bbox 655 2992 766 3051; x_wconf 83' lang='lat' dir='ltr'><strong>fuscina</strong></span> <span class='ocrx_word' id='word_1_209' title='bbox 789 2987 924 3064; x_wconf 84' lang='lat' dir='ltr'><strong>Gracchi,</strong></span> 
     </span>
     <span class='ocr_line' id='line_1_34' title="bbox 106 3072 855 3151; baseline -0.003 -19"><span class='ocrx_word' id='word_1_210' title='bbox 106 3072 308 3151; x_wconf 85' lang='lat' dir='ltr'><strong>Lustravitque</strong></span> <span class='ocrx_word' id='word_1_211' title='bbox 327 3073 397 3150; x_wconf 77' lang='lat' dir='ltr'><strong>luga</strong></span> <span class='ocrx_word' id='word_1_212' title='bbox 418 3074 542 3134; x_wconf 86' lang='lat' dir='ltr'><strong>mediam</strong></span> <span class='ocrx_word' id='word_1_213' title='bbox 561 3073 706 3151; x_wconf 83' lang='lat' dir='ltr'><strong>gladiator</strong></span> <span class='ocrx_word' id='word_1_214' title='bbox 727 3089 855 3148; x_wconf 84' lang='lat' dir='ltr'><strong>aronam,</strong></span> 
     </span>
     <span class='ocr_line' id='line_1_35' title="bbox 106 3153 777 3236; baseline -0.001 -21"><span class='ocrx_word' id='word_1_215' title='bbox 106 3154 145 3215; x_wconf 83' lang='lat' dir='ltr'><strong>Et</strong></span> <span class='ocrx_word' id='word_1_216' title='bbox 169 3153 341 3234; x_wconf 78' lang='lat' dir='ltr'><strong>Capitolinis</strong></span> <span class='ocrx_word' id='word_1_217' title='bbox 364 3159 541 3236; x_wconf 78' lang='lat' dir='ltr'><strong>generosior</strong></span> <span class='ocrx_word' id='word_1_218' title='bbox 563 3158 607 3236; x_wconf 83' lang='lat' dir='ltr'><strong>[et</strong></span> <span class='ocrx_word' id='word_1_219' title='bbox 627 3155 777 3217; x_wconf 80' lang='lat' dir='ltr'><strong>Marcellis</strong></span> 
     </span>
     <span class='ocr_line' id='line_1_36' title="bbox 106 3236 847 3320; baseline -0.001 -21"><span class='ocrx_word' id='word_1_220' title='bbox 106 3237 146 3299; x_wconf 84' lang='lat' dir='ltr'><strong>Et</strong></span> <span class='ocrx_word' id='word_1_221' title='bbox 169 3236 262 3299; x_wconf 79' lang='lat' dir='ltr'><strong>Catuli</strong></span> <span class='ocrx_word' id='word_1_222' title='bbox 285 3239 426 3320; x_wconf 86' lang='lat' dir='ltr'><strong>Paulique</strong></span> <span class='ocrx_word' id='word_1_223' title='bbox 457 3239 628 3318; x_wconf 78' lang='lat' dir='ltr'><strong>minoribus}</strong></span> <span class='ocrx_word' id='word_1_224' title='bbox 650 3249 679 3300; x_wconf 94' lang='lat' dir='ltr'><strong>et</strong></span> <span class='ocrx_word' id='word_1_225' title='bbox 700 3237 799 3299; x_wconf 87' lang='lat' dir='ltr'><strong>Fabiis</strong></span> <span class='ocrx_word' id='word_1_226' title='bbox 818 3247 847 3298; x_wconf 91' lang='lat' dir='ltr'><strong>et</strong></span> 
     </span>
     <span class='ocr_line' id='line_1_37' title="bbox 108 3321 959 3404; baseline 0 -24"><span class='ocrx_word' id='word_1_227' title='bbox 108 3321 247 3382; x_wconf 88' lang='lat' dir='ltr'><strong>Omnibus</strong></span> <span class='ocrx_word' id='word_1_228' title='bbox 269 3323 305 3384; x_wconf 91' lang='lat' dir='ltr'><strong>ad</strong></span> <span class='ocrx_word' id='word_1_229' title='bbox 324 3325 441 3403; x_wconf 87' lang='lat' dir='ltr'><strong>podium</strong></span> <span class='ocrx_word' id='word_1_230' title='bbox 464 3322 681 3404; x_wconf 85' lang='lat' dir='ltr'><strong>spectantibus,</strong></span> <span class='ocrx_word' id='word_1_231' title='bbox 706 3322 751 3382; x_wconf 90' lang='lat' dir='ltr'><strong>his</strong></span> <span class='ocrx_word' id='word_1_232' title='bbox 773 3322 845 3383; x_wconf 89' lang='lat' dir='ltr'><strong>licet</strong></span> <span class='ocrx_word' id='word_1_233' title='bbox 867 3322 959 3401; x_wconf 86' lang='lat' dir='ltr'><strong>ipsum</strong></span> 
     </span>
     <span class='ocr_line' id='line_1_38' title="bbox 109 3405 829 3484; baseline -0.001 -18"><span class='ocrx_word' id='word_1_234' title='bbox 109 3405 292 3484; x_wconf 78' lang='lat' dir='ltr'><strong>Admonens,</strong></span> <span class='ocrx_word' id='word_1_235' title='bbox 317 3409 397 3468; x_wconf 89' lang='lat' dir='ltr'><strong>cuius</strong></span> <span class='ocrx_word' id='word_1_236' title='bbox 418 3419 486 3468; x_wconf 91' lang='lat' dir='ltr'><strong>tunc</strong></span> <span class='ocrx_word' id='word_1_237' title='bbox 507 3425 628 3468; x_wconf 87' lang='lat' dir='ltr'><strong>munero</strong></span> <span class='ocrx_word' id='word_1_238' title='bbox 649 3406 724 3468; x_wconf 85' lang='lat' dir='ltr'><strong>retia</strong></span> <span class='ocrx_word' id='word_1_239' title='bbox 744 3406 829 3467; x_wconf 85' lang='lat' dir='ltr'><strong>misit.</strong></span> 
     </span>
    </p>

    <p class='ocr_par' dir='ltr' id='par_1_3' title="bbox 150 3488 859 3570">
     <span class='ocr_line' id='line_1_39' title="bbox 150 3488 859 3570; baseline -0.001 -20"><span class='ocrx_word' id='word_1_240' title='bbox 150 3488 227 3550; x_wconf 84' lang='lat' dir='ltr'><strong>Esse</strong></span> <span class='ocrx_word' id='word_1_241' title='bbox 250 3491 364 3570; x_wconf 92' lang='lat' dir='ltr'><strong>aliquos</strong></span> <span class='ocrx_word' id='word_1_242' title='bbox 385 3509 484 3557; x_wconf 87' lang='lat' dir='ltr'><strong>manes</strong></span> <span class='ocrx_word' id='word_1_243' title='bbox 507 3501 537 3552; x_wconf 88' lang='lat' dir='ltr'><strong>et</strong></span> <span class='ocrx_word' id='word_1_244' title='bbox 558 3491 747 3552; x_wconf 83' lang='lat' dir='ltr'><strong>subterranea</strong></span> <span class='ocrx_word' id='word_1_245' title='bbox 768 3506 859 3568; x_wconf 75' lang='lat' dir='ltr'><strong>regna</strong></span> 
     </span>
    </p>
   </div>
   <div class='ocr_carea' id='block_1_3' title="bbox 0 0 1296 3950">
    <p class='ocr_par' dir='ltr' id='par_1_4' title="bbox 0 0 1296 3950">
     <span class='ocr_line' id='line_1_40' title="bbox 0 0 1296 3950; baseline 0 0"><span class='ocrx_word' id='word_1_246' title='bbox 0 0 1296 3950; x_wconf 95' lang='lat' dir='ltr'><strong> </strong></span> 
     </span>
    </p>
   </div>
  </div>
 </body>
</html>
