<?xml version="1.0" encoding="UTF-8"?>
<!DOCTYPE html PUBLIC "-//W3C//DTD XHTML 1.0 Transitional//EN"
    "http://www.w3.org/TR/xhtml1/DTD/xhtml1-transitional.dtd">
<html xmlns="http://www.w3.org/1999/xhtml" xml:lang="en" lang="en">
 <head>
  <title>
</title>
<meta http-equiv="Content-Type" content="text/html;charset=utf-8" />
  <meta name='ocr-system' content='tesseract 3.04.00' />
  <meta name='ocr-capabilities' content='ocr_page ocr_carea ocr_par ocr_line ocrx_word'/>
</head>
<body>
  <div class='ocr_page' id='page_1' title='image "./satirarumlibriq01juvegoog_0131.png"; bbox 0 0 2590 3946; ppageno 0'>
   <div class='ocr_carea' id='block_1_1' title="bbox 214 229 874 290">
    <p class='ocr_par' dir='ltr' id='par_1_1' title="bbox 214 229 874 290">
     <span class='ocr_line' id='line_1_1' title="bbox 214 229 874 290; baseline -0.012 -1"><span class='ocrx_word' id='word_1_1' title='bbox 214 229 254 290; x_wconf 86' lang='grc'><strong>94</strong></span> <span class='ocrx_word' id='word_1_2' title='bbox 535 237 571 284; x_wconf 87' lang='lat' dir='ltr'><strong>n.</strong></span> <span class='ocrx_word' id='word_1_3' title='bbox 593 235 665 284; x_wconf 83' lang='grc' dir='ltr'><strong>ιιι.</strong></span> <span class='ocrx_word' id='word_1_4' title='bbox 689 233 874 284; x_wconf 82' lang='lat' dir='ltr'><strong>ruvnuunrs</strong></span> 
     </span>
    </p>
   </div>
   <div class='ocr_carea' id='block_1_2' title="bbox 214 372 953 704">
    <p class='ocr_par' dir='ltr' id='par_1_2' title="bbox 214 372 950 704">
     <span class='ocr_line' id='line_1_2' title="bbox 214 372 950 453; baseline -0.014 -14"><span class='ocrx_word' id='word_1_5' title='bbox 214 378 343 440; x_wconf 74' lang='lat' dir='ltr'><strong>Alterius</strong></span> <span class='ocrx_word' id='word_1_6' title='bbox 367 375 507 436; x_wconf 75' lang='lat' dir='ltr'><strong>conchem</strong></span> <span class='ocrx_word' id='word_1_7' title='bbox 529 375 633 436; x_wconf 89' lang='lat' dir='ltr'><strong>aestivi</strong></span> <span class='ocrx_word' id='word_1_8' title='bbox 655 393 718 435; x_wconf 90' lang='lat' dir='ltr'><strong>curn</strong></span> <span class='ocrx_word' id='word_1_9' title='bbox 740 383 823 453; x_wconf 92' lang='lat' dir='ltr'><strong>parte</strong></span> <span class='ocrx_word' id='word_1_10' title='bbox 849 372 950 432; x_wconf 91' lang='lat' dir='ltr'><strong>lacerti</strong></span> 
     </span>
     <span class='ocr_line' id='line_1_3' title="bbox 214 458 848 540; baseline -0.011 -17"><span class='ocrx_word' id='word_1_11' title='bbox 214 464 361 540; x_wconf 73' lang='lat' dir='ltr'><strong>signatam</strong></span> <span class='ocrx_word' id='word_1_12' title='bbox 382 458 431 520; x_wconf 88' lang='lat' dir='ltr'><strong>vel</strong></span> <span class='ocrx_word' id='word_1_13' title='bbox 454 458 569 519; x_wconf 92' lang='lat' dir='ltr'><strong>dimidio</strong></span> <span class='ocrx_word' id='word_1_14' title='bbox 589 461 725 537; x_wconf 83' lang='lat' dir='ltr'><strong>putrique</strong></span> <span class='ocrx_word' id='word_1_15' title='bbox 747 458 848 532; x_wconf 82' lang='lat' dir='ltr'><strong>siluro,</strong></span> 
     </span>
     <span class='ocr_line' id='line_1_4' title="bbox 214 539 923 622; baseline -0.012 -16"><span class='ocrx_word' id='word_1_16' title='bbox 214 544 356 622; x_wconf 85' lang='lat' dir='ltr'><strong>Filaque</strong></span> <span class='ocrx_word' id='word_1_17' title='bbox 363 544 466 604; x_wconf 84' lang='lat' dir='ltr'><strong>sectivi</strong></span> <span class='ocrx_word' id='word_1_18' title='bbox 488 551 634 602; x_wconf 87' lang='lat' dir='ltr'><strong>numerate</strong></span> <span class='ocrx_word' id='word_1_19' title='bbox 656 541 805 603; x_wconf 77' lang='lat' dir='ltr'>includere</span> <span class='ocrx_word' id='word_1_20' title='bbox 828 539 923 618; x_wconf 84' lang='lat' dir='ltr'><strong>porri:</strong></span> 
     </span>
     <span class='ocr_line' id='line_1_5' title="bbox 214 621 953 704; baseline -0.011 -15"><span class='ocrx_word' id='word_1_21' title='bbox 214 629 352 689; x_wconf 77' lang='lat' dir='ltr'><strong>Invitatus</strong></span> <span class='ocrx_word' id='word_1_22' title='bbox 379 627 414 688; x_wconf 88' lang='lat' dir='ltr'><strong>ad</strong></span> <span class='ocrx_word' id='word_1_23' title='bbox 435 625 509 686; x_wconf 83' lang='lat' dir='ltr'><strong>haec</strong></span> <span class='ocrx_word' id='word_1_24' title='bbox 530 625 634 704; x_wconf 85' lang='lat' dir='ltr'><strong>aliquis</strong></span> <span class='ocrx_word' id='word_1_25' title='bbox 656 625 693 686; x_wconf 94' lang='lat' dir='ltr'><strong>de</strong></span> <span class='ocrx_word' id='word_1_26' title='bbox 713 634 802 703; x_wconf 84' lang='lat' dir='ltr'><strong>ponte</strong></span> <span class='ocrx_word' id='word_1_27' title='bbox 824 621 953 700; x_wconf 75' lang='lat' dir='ltr'>negabit.</span> 
     </span>
    </p>
   </div>
   <div class='ocr_carea' id='block_1_3' title="bbox 187 708 1202 3551">
    <p class='ocr_par' dir='ltr' id='par_1_3' title="bbox 214 708 1200 957">
     <span class='ocr_line' id='line_1_6' title="bbox 215 708 1200 790; baseline -0.002 -18"><span class='ocrx_word' id='word_1_28' title='bbox 215 712 274 772; x_wconf 89' lang='lat' dir='ltr'><strong>Sed</strong></span> <span class='ocrx_word' id='word_1_29' title='bbox 296 728 354 790; x_wconf 80' lang='lat' dir='ltr'><strong>quo</strong></span> <span class='ocrx_word' id='word_1_30' title='bbox 378 711 491 770; x_wconf 89' lang='lat' dir='ltr'><strong>divitias</strong></span> <span class='ocrx_word' id='word_1_31' title='bbox 513 708 588 769; x_wconf 81' lang='lat' dir='ltr'><strong>lineo</strong></span> <span class='ocrx_word' id='word_1_32' title='bbox 607 727 663 788; x_wconf 89' lang='lat' dir='ltr'><strong>per</strong></span> <span class='ocrx_word' id='word_1_33' title='bbox 683 717 825 769; x_wconf 86' lang='lat' dir='ltr'><strong>tormenta</strong></span> <span class='ocrx_word' id='word_1_34' title='bbox 848 715 978 781; x_wconf 86' lang='lat' dir='ltr'><strong>coactas,</strong></span> <span class='ocrx_word' id='word_1_35' title='bbox 1149 717 1200 772; x_wconf 81' lang='grc'><strong>135</strong></span> 
     </span>
     <span class='ocr_line' id='line_1_7' title="bbox 215 790 1178 871; baseline -0.006 -15"><span class='ocrx_word' id='word_1_36' title='bbox 215 795 309 870; x_wconf 84' lang='lat' dir='ltr'><strong>Quum</strong></span> <span class='ocrx_word' id='word_1_37' title='bbox 330 794 412 854; x_wconf 88' lang='lat' dir='ltr'><strong>iuror</strong></span> <span class='ocrx_word' id='word_1_38' title='bbox 433 793 508 854; x_wconf 88' lang='lat' dir='ltr'><strong>haud</strong></span> <span class='ocrx_word' id='word_1_39' title='bbox 529 792 648 868; x_wconf 88' lang='lat' dir='ltr'><strong>dubius,</strong></span> <span class='ocrx_word' id='word_1_40' title='bbox 673 809 758 871; x_wconf 81' lang='lat' dir='ltr'><strong>quum</strong></span> <span class='ocrx_word' id='word_1_41' title='bbox 779 793 816 851; x_wconf 89' lang='lat' dir='ltr'><strong>sit</strong></span> <span class='ocrx_word' id='word_1_42' title='bbox 836 790 987 851; x_wconf 76' lang='lat' dir='ltr'><strong>manifesta</strong></span> <span class='ocrx_word' id='word_1_43' title='bbox 1012 790 1178 870; x_wconf 81' lang='lat' dir='ltr'><strong>phronesis,</strong></span> 
     </span>
     <span class='ocr_line' id='line_1_8' title="bbox 214 870 946 957; baseline -0.01 -18"><span class='ocrx_word' id='word_1_44' title='bbox 214 878 252 939; x_wconf 92' lang='lat' dir='ltr'><strong>Ut</strong></span> <span class='ocrx_word' id='word_1_45' title='bbox 269 878 404 957; x_wconf 79' lang='lat' dir='ltr'><strong>locuples</strong></span> <span class='ocrx_word' id='word_1_46' title='bbox 430 878 579 953; x_wconf 85' lang='lat' dir='ltr'><strong>moriaris,</strong></span> <span class='ocrx_word' id='word_1_47' title='bbox 603 878 718 954; x_wconf 78' lang='lat' dir='ltr'><strong>egentis</strong></span> <span class='ocrx_word' id='word_1_48' title='bbox 740 878 841 936; x_wconf 85' lang='lat' dir='ltr'><strong>rivere</strong></span> <span class='ocrx_word' id='word_1_49' title='bbox 863 870 946 934; x_wconf 85' lang='lat' dir='ltr'><strong>iato‘i</strong></span> 
     </span>
    </p>

    <p class='ocr_par' dir='ltr' id='par_1_4' title="bbox 187 958 909 1040">
     <span class='ocr_line' id='line_1_9' title="bbox 187 958 909 1040; baseline -0.008 -17"><span class='ocrx_word' id='word_1_50' title='bbox 187 993 191 998; x_wconf 33' lang='grc' dir='ltr'><strong>ι</strong></span> <span class='ocrx_word' id='word_1_51' title='bbox 214 962 330 1022; x_wconf 87' lang='lat' dir='ltr'><strong>lnterea</strong></span> <span class='ocrx_word' id='word_1_52' title='bbox 351 959 440 1040; x_wconf 87' lang='lat' dir='ltr'><strong>pleno</strong></span> <span class='ocrx_word' id='word_1_53' title='bbox 464 978 550 1039; x_wconf 85' lang='lat' dir='ltr'><strong>quum</strong></span> <span class='ocrx_word' id='word_1_54' title='bbox 571 968 669 1039; x_wconf 81' lang='lat' dir='ltr'><strong>turget</strong></span> <span class='ocrx_word' id='word_1_55' title='bbox 688 958 823 1019; x_wconf 85' lang='lat' dir='ltr'><strong>sacculus</strong></span> <span class='ocrx_word' id='word_1_56' title='bbox 846 974 909 1034; x_wconf 81' lang='lat' dir='ltr'><strong>ore,</strong></span> 
     </span>
    </p>

    <p class='ocr_par' dir='ltr' id='par_1_5' title="bbox 215 1042 1098 1144">
     <span class='ocr_line' id='line_1_10' title="bbox 215 1042 1098 1144; baseline -0.006 -39"><span class='ocrx_word' id='word_1_57' title='bbox 215 1044 331 1106; x_wconf 82' lang='lat' dir='ltr'><strong>Crescit</strong></span> <span class='ocrx_word' id='word_1_58' title='bbox 357 1061 438 1105; x_wconf 81' lang='lat' dir='ltr'><strong>aanor</strong></span> <span class='ocrx_word' id='word_1_59' title='bbox 460 1045 581 1121; x_wconf 82' lang='lat' dir='ltr'><strong>nummi,</strong></span> <span class='ocrx_word' id='word_1_60' title='bbox 608 1053 743 1144; x_wconf 79' lang='lat' dir='ltr'><strong>quantum</strong></span> <span class='ocrx_word' id='word_1_61' title='bbox 764 1044 828 1121; x_wconf 84' lang='lat' dir='ltr'><strong>ipsa</strong></span> <span class='ocrx_word' id='word_1_62' title='bbox 847 1042 973 1120; x_wconf 86' lang='lat' dir='ltr'><strong>pecunia</strong></span> <span class='ocrx_word' id='word_1_63' title='bbox 995 1043 1098 1117; x_wconf 83' lang='lat' dir='ltr'><strong>creuit,</strong></span> 
     </span>
    </p>

    <p class='ocr_par' dir='ltr' id='par_1_6' title="bbox 213 1123 1201 1290">
     <span class='ocr_line' id='line_1_11' title="bbox 214 1123 1201 1206; baseline -0.001 -17"><span class='ocrx_word' id='word_1_64' title='bbox 214 1129 253 1190; x_wconf 83' lang='lat' dir='ltr'><strong>Et</strong></span> <span class='ocrx_word' id='word_1_65' title='bbox 273 1130 364 1188; x_wconf 90' lang='lat' dir='ltr'><strong>minus</strong></span> <span class='ocrx_word' id='word_1_66' title='bbox 387 1129 462 1189; x_wconf 92' lang='lat' dir='ltr'><strong>hanc</strong></span> <span class='ocrx_word' id='word_1_67' title='bbox 490 1136 571 1206; x_wconf 86' lang='lat' dir='ltr'><strong>optat</strong></span> <span class='ocrx_word' id='word_1_68' title='bbox 594 1129 722 1206; x_wconf 83' lang='lat' dir='ltr'><strong>quinon</strong></span> <span class='ocrx_word' id='word_1_69' title='bbox 745 1125 842 1187; x_wconf 88' lang='lat' dir='ltr'><strong>habet.</strong></span> <span class='ocrx_word' id='word_1_70' title='bbox 875 1123 956 1202; x_wconf 76' lang='lat' dir='ltr'><strong>Ergo</strong></span> <span class='ocrx_word' id='word_1_71' title='bbox 978 1133 1109 1203; x_wconf 86' lang='lat' dir='ltr'><strong>paratur</strong></span> <span class='ocrx_word' id='word_1_72' title='bbox 1150 1132 1201 1187; x_wconf 82' lang='lat' dir='ltr'><strong>uto</strong></span> 
     </span>
     <span class='ocr_line' id='line_1_12' title="bbox 213 1209 1003 1290; baseline -0.008 -17"><span class='ocrx_word' id='word_1_73' title='bbox 213 1213 318 1273; x_wconf 75' lang='lat' dir='ltr'><strong>Altera</strong></span> <span class='ocrx_word' id='word_1_74' title='bbox 338 1211 408 1273; x_wconf 83' lang='lat' dir='ltr'><strong>villa</strong></span> <span class='ocrx_word' id='word_1_75' title='bbox 429 1210 496 1288; x_wconf 85' lang='lat' dir='ltr'><strong>tibi,</strong></span> <span class='ocrx_word' id='word_1_76' title='bbox 521 1229 606 1290; x_wconf 89' lang='lat' dir='ltr'><strong>quum</strong></span> <span class='ocrx_word' id='word_1_77' title='bbox 628 1229 676 1270; x_wconf 85' lang='grc' dir='ltr'><strong>ιιι</strong></span> <span class='ocrx_word' id='word_1_78' title='bbox 699 1227 756 1270; x_wconf 93' lang='lat' dir='ltr'><strong>non</strong></span> <span class='ocrx_word' id='word_1_79' title='bbox 777 1209 885 1270; x_wconf 84' lang='lat' dir='ltr'><strong>suflicit</strong></span> <span class='ocrx_word' id='word_1_80' title='bbox 907 1227 1003 1284; x_wconf 87' lang='lat' dir='ltr'><strong>unum,</strong></span> 
     </span>
    </p>

    <p class='ocr_par' dir='ltr' id='par_1_7' title="bbox 213 1292 921 1374">
     <span class='ocr_line' id='line_1_13' title="bbox 213 1292 921 1374; baseline -0.004 -19"><span class='ocrx_word' id='word_1_81' title='bbox 213 1295 251 1355; x_wconf 84' lang='lat' dir='ltr'><strong>Et</strong></span> <span class='ocrx_word' id='word_1_82' title='bbox 272 1295 408 1374; x_wconf 84' lang='lat' dir='ltr'><strong>proferre</strong></span> <span class='ocrx_word' id='word_1_83' title='bbox 431 1293 503 1354; x_wconf 90' lang='lat' dir='ltr'><strong>libet</strong></span> <span class='ocrx_word' id='word_1_84' title='bbox 524 1295 611 1369; x_wconf 82' lang='lat' dir='ltr'><strong>lines,</strong></span> <span class='ocrx_word' id='word_1_85' title='bbox 635 1295 784 1372; x_wconf 88' lang='lat' dir='ltr'><strong>maiorque</strong></span> <span class='ocrx_word' id='word_1_86' title='bbox 805 1292 921 1353; x_wconf 86' lang='lat' dir='ltr'><strong>videtur</strong></span> 
     </span>
    </p>

    <p class='ocr_par' dir='ltr' id='par_1_8' title="bbox 213 1376 983 1454">
     <span class='ocr_line' id='line_1_14' title="bbox 213 1376 983 1454; baseline -0.003 -16"><span class='ocrx_word' id='word_1_87' title='bbox 213 1379 252 1439; x_wconf 86' lang='lat' dir='ltr'><strong>Et</strong></span> <span class='ocrx_word' id='word_1_88' title='bbox 273 1377 377 1438; x_wconf 88' lang='lat' dir='ltr'><strong>melior</strong></span> <span class='ocrx_word' id='word_1_89' title='bbox 398 1380 493 1437; x_wconf 87' lang='lat' dir='ltr'><strong>vicina</strong></span> <span class='ocrx_word' id='word_1_90' title='bbox 517 1395 621 1454; x_wconf 80' lang='lat' dir='ltr'><strong>seges:</strong></span> <span class='ocrx_word' id='word_1_91' title='bbox 643 1379 782 1437; x_wconf 88' lang='lat' dir='ltr'><strong>mercaris</strong></span> <span class='ocrx_word' id='word_1_92' title='bbox 806 1386 835 1437; x_wconf 91' lang='lat' dir='ltr'><strong>et</strong></span> <span class='ocrx_word' id='word_1_93' title='bbox 857 1376 931 1436; x_wconf 89' lang='lat' dir='ltr'><strong>hano</strong></span> <span class='ocrx_word' id='word_1_94' title='bbox 954 1385 983 1436; x_wconf 90' lang='lat' dir='ltr'><strong>et</strong></span> 
     </span>
    </p>

    <p class='ocr_par' dir='ltr' id='par_1_9' title="bbox 212 1459 951 1539">
     <span class='ocr_line' id='line_1_15' title="bbox 212 1459 951 1539; baseline -0.004 -17"><span class='ocrx_word' id='word_1_95' title='bbox 212 1461 340 1522; x_wconf 81' lang='lat' dir='ltr'><strong>Arbusta</strong></span> <span class='ocrx_word' id='word_1_96' title='bbox 364 1471 393 1521; x_wconf 90' lang='lat' dir='ltr'><strong>et</strong></span> <span class='ocrx_word' id='word_1_97' title='bbox 416 1464 506 1524; x_wconf 81' lang='lat' dir='ltr'><strong>dcccc</strong></span> <span class='ocrx_word' id='word_1_98' title='bbox 532 1469 659 1520; x_wconf 88' lang='lat' dir='ltr'><strong>montem</strong></span> <span class='ocrx_word' id='word_1_99' title='bbox 684 1463 732 1539; x_wconf 90' lang='lat' dir='ltr'><strong>qui</strong></span> <span class='ocrx_word' id='word_1_100' title='bbox 756 1470 840 1521; x_wconf 88' lang='lat' dir='ltr'><strong>canet</strong></span> <span class='ocrx_word' id='word_1_101' title='bbox 863 1459 951 1520; x_wconf 84' lang='lat' dir='ltr'><strong>oliva.</strong></span> 
     </span>
    </p>

    <p class='ocr_par' dir='ltr' id='par_1_10' title="bbox 212 1542 1200 1705">
     <span class='ocr_line' id='line_1_16' title="bbox 214 1542 1200 1623; baseline 0.003 -18"><span class='ocrx_word' id='word_1_102' title='bbox 214 1545 343 1619; x_wconf 82' lang='lat' dir='ltr'><strong>Quorum</strong></span> <span class='ocrx_word' id='word_1_103' title='bbox 368 1546 392 1603; x_wconf 91' lang='lat' dir='ltr'><strong>si</strong></span> <span class='ocrx_word' id='word_1_104' title='bbox 414 1545 510 1623; x_wconf 89' lang='lat' dir='ltr'><strong>pretio</strong></span> <span class='ocrx_word' id='word_1_105' title='bbox 532 1543 664 1604; x_wconf 92' lang='lat' dir='ltr'><strong>dominus</strong></span> <span class='ocrx_word' id='word_1_106' title='bbox 683 1560 740 1603; x_wconf 92' lang='lat' dir='ltr'><strong>non</strong></span> <span class='ocrx_word' id='word_1_107' title='bbox 762 1545 886 1604; x_wconf 85' lang='lat' dir='ltr'><strong>vincitur</strong></span> <span class='ocrx_word' id='word_1_108' title='bbox 908 1542 979 1619; x_wconf 84' lang='lat' dir='ltr'><strong>ullo,</strong></span> <span class='ocrx_word' id='word_1_109' title='bbox 1150 1553 1200 1608; x_wconf 80' lang='grc'><strong>145</strong></span> 
     </span>
     <span class='ocr_line' id='line_1_17' title="bbox 212 1626 957 1705; baseline -0.003 -16"><span class='ocrx_word' id='word_1_110' title='bbox 212 1628 309 1689; x_wconf 89' lang='lat' dir='ltr'><strong>Nocte</strong></span> <span class='ocrx_word' id='word_1_111' title='bbox 330 1626 425 1688; x_wconf 86' lang='lat' dir='ltr'><strong>boves</strong></span> <span class='ocrx_word' id='word_1_112' title='bbox 450 1629 540 1686; x_wconf 90' lang='lat' dir='ltr'><strong>macri</strong></span> <span class='ocrx_word' id='word_1_113' title='bbox 560 1626 700 1705; x_wconf 84' lang='lat' dir='ltr'><strong>lassoque</strong></span> <span class='ocrx_word' id='word_1_114' title='bbox 721 1627 855 1688; x_wconf 87' lang='lat' dir='ltr'><strong>iamelioa</strong></span> <span class='ocrx_word' id='word_1_115' title='bbox 878 1626 957 1687; x_wconf 92' lang='lat' dir='ltr'><strong>collo</strong></span> 
     </span>
    </p>

    <p class='ocr_par' dir='ltr' id='par_1_11' title="bbox 212 1710 939 1779">
     <span class='ocr_line' id='line_1_18' title="bbox 212 1710 939 1779; baseline -0.004 -6"><span class='ocrx_word' id='word_1_116' title='bbox 212 1712 341 1773; x_wconf 87' lang='lat' dir='ltr'><strong>lumenta</strong></span> <span class='ocrx_word' id='word_1_117' title='bbox 362 1711 398 1772; x_wconf 91' lang='lat' dir='ltr'><strong>ad</strong></span> <span class='ocrx_word' id='word_1_118' title='bbox 417 1711 526 1771; x_wconf 83' lang='lat' dir='ltr'><strong>virides</strong></span> <span class='ocrx_word' id='word_1_119' title='bbox 547 1710 630 1771; x_wconf 88' lang='lat' dir='ltr'><strong>huius</strong></span> <span class='ocrx_word' id='word_1_120' title='bbox 652 1713 798 1771; x_wconf 78' lang='lat' dir='ltr'><strong>mittentur</strong></span> <span class='ocrx_word' id='word_1_121' title='bbox 820 1712 939 1779; x_wconf 87' lang='lat' dir='ltr'><strong>aristas;</strong></span> 
     </span>
    </p>

    <p class='ocr_par' dir='ltr' id='par_1_12' title="bbox 211 1793 1071 1874">
     <span class='ocr_line' id='line_1_19' title="bbox 211 1793 1071 1874; baseline -0.003 -17"><span class='ocrx_word' id='word_1_122' title='bbox 211 1795 277 1857; x_wconf 86' lang='lat' dir='ltr'><strong>llec</strong></span> <span class='ocrx_word' id='word_1_123' title='bbox 298 1796 378 1874; x_wconf 83' lang='lat' dir='ltr'><strong>prius</strong></span> <span class='ocrx_word' id='word_1_124' title='bbox 398 1794 464 1854; x_wconf 89' lang='lat' dir='ltr'><strong>inde</strong></span> <span class='ocrx_word' id='word_1_125' title='bbox 489 1794 619 1871; x_wconf 85' lang='lat' dir='ltr'><strong>domum,</strong></span> <span class='ocrx_word' id='word_1_126' title='bbox 643 1813 727 1872; x_wconf 86' lang='lat' dir='ltr'><strong>quam</strong></span> <span class='ocrx_word' id='word_1_127' title='bbox 748 1804 809 1856; x_wconf 88' lang='lat' dir='ltr'><strong>tota</strong></span> <span class='ocrx_word' id='word_1_128' title='bbox 828 1793 942 1855; x_wconf 85' lang='lat' dir='ltr'><strong>novalia</strong></span> <span class='ocrx_word' id='word_1_129' title='bbox 965 1812 1071 1855; x_wconf 88' lang='lat' dir='ltr'><strong>saevos</strong></span> 
     </span>
    </p>

    <p class='ocr_par' dir='ltr' id='par_1_13' title="bbox 212 1878 981 1955">
     <span class='ocr_line' id='line_1_20' title="bbox 212 1878 981 1955; baseline -0.003 -15"><span class='ocrx_word' id='word_1_130' title='bbox 212 1879 246 1940; x_wconf 93' lang='lat' dir='ltr'><strong>ln</strong></span> <span class='ocrx_word' id='word_1_131' title='bbox 265 1887 384 1939; x_wconf 85' lang='lat' dir='ltr'><strong>ventres</strong></span> <span class='ocrx_word' id='word_1_132' title='bbox 407 1878 527 1955; x_wconf 84' lang='lat' dir='ltr'><strong>abeant,</strong></span> <span class='ocrx_word' id='word_1_133' title='bbox 550 1887 582 1938; x_wconf 91' lang='lat' dir='ltr'><strong>nt</strong></span> <span class='ocrx_word' id='word_1_134' title='bbox 604 1879 707 1954; x_wconf 82' lang='lat' dir='ltr'><strong>credas</strong></span> <span class='ocrx_word' id='word_1_135' title='bbox 729 1878 853 1940; x_wconf 85' lang='lat' dir='ltr'><strong>falcibus</strong></span> <span class='ocrx_word' id='word_1_136' title='bbox 876 1887 981 1938; x_wconf 88' lang='lat' dir='ltr'><strong>actum.</strong></span> 
     </span>
    </p>

    <p class='ocr_par' dir='ltr' id='par_1_14' title="bbox 211 1961 1202 2126">
     <span class='ocr_line' id='line_1_21' title="bbox 211 1961 1202 2064; baseline 0.001 -40"><span class='ocrx_word' id='word_1_137' title='bbox 211 1963 321 2024; x_wconf 84' lang='lat' dir='ltr'><strong>Dicere</strong></span> <span class='ocrx_word' id='word_1_138' title='bbox 341 1964 391 2024; x_wconf 82' lang='lat' dir='ltr'><strong>vix</strong></span> <span class='ocrx_word' id='word_1_139' title='bbox 411 1964 524 2040; x_wconf 85' lang='lat' dir='ltr'><strong>possis,</strong></span> <span class='ocrx_word' id='word_1_140' title='bbox 539 1980 640 2064; x_wconf 32' lang='lat' dir='ltr'><strong>‚quam</strong></span> <span class='ocrx_word' id='word_1_141' title='bbox 664 1963 744 2023; x_wconf 89' lang='lat' dir='ltr'><strong>multi</strong></span> <span class='ocrx_word' id='word_1_142' title='bbox 766 1963 834 2024; x_wconf 85' lang='lat' dir='ltr'><strong>talia</strong></span> <span class='ocrx_word' id='word_1_143' title='bbox 859 1961 986 2041; x_wconf 84' lang='lat' dir='ltr'><strong>plorent,</strong></span> <span class='ocrx_word' id='word_1_144' title='bbox 1149 1972 1202 2025; x_wconf 83' lang='lat'><strong>150</strong></span> 
     </span>
     <span class='ocr_line' id='line_1_22' title="bbox 211 2045 856 2126; baseline -0.003 -18"><span class='ocrx_word' id='word_1_145' title='bbox 211 2046 250 2108; x_wconf 81' lang='lat' dir='ltr'><strong>Et</strong></span> <span class='ocrx_word' id='word_1_146' title='bbox 272 2055 343 2126; x_wconf 89' lang='lat' dir='ltr'><strong>quot</strong></span> <span class='ocrx_word' id='word_1_147' title='bbox 364 2045 517 2107; x_wconf 84' lang='lat' dir='ltr'><strong>venales</strong></span> <span class='ocrx_word' id='word_1_148' title='bbox 507 2047 608 2107; x_wconf 88' lang='lat' dir='ltr'><strong>rniuria</strong></span> <span class='ocrx_word' id='word_1_149' title='bbox 631 2046 735 2106; x_wconf 88' lang='lat' dir='ltr'><strong>iecerit</strong></span> <span class='ocrx_word' id='word_1_150' title='bbox 758 2063 856 2124; x_wconf 77' lang='lat' dir='ltr'><strong>agros.</strong></span> 
     </span>
    </p>

    <p class='ocr_par' dir='ltr' id='par_1_15' title="bbox 213 2115 1100 2208">
     <span class='ocr_line' id='line_1_23' title="bbox 213 2115 1100 2208; baseline -0.001 -17"><span class='ocrx_word' id='word_1_151' title='bbox 213 2131 273 2192; x_wconf 89' lang='lat' dir='ltr'><strong>Sed</strong></span> <span class='ocrx_word' id='word_1_152' title='bbox 296 2131 345 2208; x_wconf 87' lang='lat' dir='ltr'><strong>qui</strong></span> <span class='ocrx_word' id='word_1_153' title='bbox 366 2147 533 2206; x_wconf 80' lang='lat' dir='ltr'><strong>sermones,</strong></span> <span class='ocrx_word' id='word_1_154' title='bbox 558 2147 642 2208; x_wconf 90' lang='lat' dir='ltr'><strong>quam</strong></span> <span class='ocrx_word' id='word_1_155' title='bbox 664 2130 769 2192; x_wconf 85' lang='lat' dir='ltr'><strong>foedae</strong></span> <span class='ocrx_word' id='word_1_156' title='bbox 789 2129 911 2190; x_wconf 86' lang='lat' dir='ltr'><strong>buccina</strong></span> <span class='ocrx_word' id='word_1_157' title='bbox 931 2115 1100 2190; x_wconf 83' lang='lat' dir='ltr'><strong>famae!—</strong></span> 
     </span>
    </p>

    <p class='ocr_par' dir='ltr' id='par_1_16' title="bbox 213 2211 1100 2377">
     <span class='ocr_line' id='line_1_24' title="bbox 214 2211 1100 2294; baseline 0 -21"><span class='ocrx_word' id='word_1_158' title='bbox 214 2213 289 2288; x_wconf 80' lang='lat' dir='ltr'><strong>Quid</strong></span> <span class='ocrx_word' id='word_1_159' title='bbox 311 2223 400 2274; x_wconf 88' lang='lat' dir='ltr'><strong>nocet</strong></span> <span class='ocrx_word' id='word_1_160' title='bbox 420 2211 516 2274; x_wconf 81' lang='lat' dir='ltr'><strong>baec?</strong></span> <span class='ocrx_word' id='word_1_161' title='bbox 536 2215 641 2294; x_wconf 84' lang='lat' dir='ltr'><strong>inquit;</strong></span> <span class='ocrx_word' id='word_1_162' title='bbox 664 2215 788 2275; x_wconf 89' lang='lat' dir='ltr'><strong>tunicam</strong></span> <span class='ocrx_word' id='word_1_163' title='bbox 810 2213 879 2274; x_wconf 86' lang='lat' dir='ltr'><strong>milri</strong></span> <span class='ocrx_word' id='word_1_164' title='bbox 900 2215 976 2274; x_wconf 89' lang='lat' dir='ltr'><strong>malo</strong></span> <span class='ocrx_word' id='word_1_165' title='bbox 1000 2213 1100 2293; x_wconf 87' lang='lat' dir='ltr'><strong>lupini,</strong></span> 
     </span>
     <span class='ocr_line' id='line_1_25' title="bbox 213 2297 867 2377; baseline 0.002 -21"><span class='ocrx_word' id='word_1_166' title='bbox 213 2297 305 2371; x_wconf 80' lang='lat' dir='ltr'><strong>Quam</strong></span> <span class='ocrx_word' id='word_1_167' title='bbox 327 2299 352 2357; x_wconf 92' lang='lat' dir='ltr'><strong>si</strong></span> <span class='ocrx_word' id='word_1_168' title='bbox 377 2316 423 2358; x_wconf 94' lang='lat' dir='ltr'><strong>me</strong></span> <span class='ocrx_word' id='word_1_169' title='bbox 447 2306 509 2359; x_wconf 90' lang='lat' dir='ltr'><strong>toto</strong></span> <span class='ocrx_word' id='word_1_170' title='bbox 537 2297 635 2359; x_wconf 84' lang='lat' dir='ltr'><strong>laudet</strong></span> <span class='ocrx_word' id='word_1_171' title='bbox 658 2298 764 2358; x_wconf 87' lang='lat' dir='ltr'><strong>ricinia</strong></span> <span class='ocrx_word' id='word_1_172' title='bbox 789 2314 867 2377; x_wconf 81' lang='lat' dir='ltr'><strong>pago</strong></span> 
     </span>
    </p>

    <p class='ocr_par' dir='ltr' id='par_1_17' title="bbox 211 2380 1201 2542">
     <span class='ocr_line' id='line_1_26' title="bbox 211 2380 1201 2462; baseline 0.004 -22"><span class='ocrx_word' id='word_1_173' title='bbox 211 2380 318 2460; x_wconf 80' lang='lat' dir='ltr'><strong>Exigni</strong></span> <span class='ocrx_word' id='word_1_174' title='bbox 340 2383 416 2441; x_wconf 90' lang='lat' dir='ltr'><strong>ruris</strong></span> <span class='ocrx_word' id='word_1_175' title='bbox 438 2383 613 2462; x_wconf 85' lang='lat' dir='ltr'><strong>paucissima</strong></span> <span class='ocrx_word' id='word_1_176' title='bbox 637 2382 715 2442; x_wconf 88' lang='lat' dir='ltr'><strong>farra</strong></span> <span class='ocrx_word' id='word_1_177' title='bbox 739 2389 897 2442; x_wconf 83' lang='lat' dir='ltr'><strong>secantem.</strong></span> <span class='ocrx_word' id='word_1_178' title='bbox 913 2416 955 2430; x_wconf 80' lang='lat'><em>-</em></span> <span class='ocrx_word' id='word_1_179' title='bbox 1149 2390 1201 2444; x_wconf 88' lang='grc'><strong>155</strong></span> 
     </span>
     <span class='ocr_line' id='line_1_27' title="bbox 212 2465 893 2542; baseline 0 -17"><span class='ocrx_word' id='word_1_180' title='bbox 212 2465 334 2525; x_wconf 85' lang='lat' dir='ltr'><strong>Scilicet</strong></span> <span class='ocrx_word' id='word_1_181' title='bbox 361 2475 391 2525; x_wconf 88' lang='lat' dir='ltr'><strong>et</strong></span> <span class='ocrx_word' id='word_1_182' title='bbox 412 2465 520 2528; x_wconf 90' lang='lat' dir='ltr'><strong>morbis</strong></span> <span class='ocrx_word' id='word_1_183' title='bbox 542 2475 572 2526; x_wconf 90' lang='lat' dir='ltr'><strong>et</strong></span> <span class='ocrx_word' id='word_1_184' title='bbox 594 2465 744 2527; x_wconf 84' lang='lat' dir='ltr'><strong>debilitate</strong></span> <span class='ocrx_word' id='word_1_185' title='bbox 767 2465 893 2542; x_wconf 85' lang='lat' dir='ltr'><strong>carebis,</strong></span> 
     </span>
    </p>

    <p class='ocr_par' dir='ltr' id='par_1_18' title="bbox 211 2547 1022 2629">
     <span class='ocr_line' id='line_1_28' title="bbox 211 2547 1022 2629; baseline 0.001 -22"><span class='ocrx_word' id='word_1_186' title='bbox 211 2547 249 2608; x_wconf 87' lang='lat' dir='ltr'><strong>Et</strong></span> <span class='ocrx_word' id='word_1_187' title='bbox 271 2548 379 2610; x_wconf 90' lang='lat' dir='ltr'><strong>luctum</strong></span> <span class='ocrx_word' id='word_1_188' title='bbox 401 2559 432 2610; x_wconf 91' lang='lat' dir='ltr'><strong>et</strong></span> <span class='ocrx_word' id='word_1_189' title='bbox 454 2568 551 2611; x_wconf 88' lang='lat' dir='ltr'><strong>curam</strong></span> <span class='ocrx_word' id='word_1_190' title='bbox 574 2551 716 2628; x_wconf 78' lang='lat' dir='ltr'><strong>effugies,</strong></span> <span class='ocrx_word' id='word_1_191' title='bbox 740 2559 769 2610; x_wconf 90' lang='lat' dir='ltr'><strong>et</strong></span> <span class='ocrx_word' id='word_1_192' title='bbox 791 2559 923 2629; x_wconf 89' lang='lat' dir='ltr'><strong>tempora</strong></span> <span class='ocrx_word' id='word_1_193' title='bbox 944 2550 1022 2610; x_wconf 86' lang='lat' dir='ltr'><strong>vitae</strong></span> 
     </span>
    </p>

    <p class='ocr_par' dir='ltr' id='par_1_19' title="bbox 210 2632 934 2713">
     <span class='ocr_line' id='line_1_29' title="bbox 210 2632 934 2713; baseline 0.001 -22"><span class='ocrx_word' id='word_1_194' title='bbox 210 2632 311 2710; x_wconf 79' lang='lat' dir='ltr'><strong>Longa</strong></span> <span class='ocrx_word' id='word_1_195' title='bbox 332 2633 384 2693; x_wconf 89' lang='lat' dir='ltr'><strong>tibi</strong></span> <span class='ocrx_word' id='word_1_196' title='bbox 406 2635 531 2713; x_wconf 88' lang='lat' dir='ltr'><strong>posthac</strong></span> <span class='ocrx_word' id='word_1_197' title='bbox 550 2634 610 2694; x_wconf 88' lang='lat' dir='ltr'><strong>fato</strong></span> <span class='ocrx_word' id='word_1_198' title='bbox 636 2633 759 2694; x_wconf 91' lang='lat' dir='ltr'><strong>meliore</strong></span> <span class='ocrx_word' id='word_1_199' title='bbox 782 2633 934 2709; x_wconf 83' lang='lat' dir='ltr'><strong>dabuntur,</strong></span> 
     </span>
    </p>

    <p class='ocr_par' dir='ltr' id='par_1_20' title="bbox 212 2717 857 2794">
     <span class='ocr_line' id='line_1_30' title="bbox 212 2717 857 2794; baseline -0.003 -18"><span class='ocrx_word' id='word_1_200' title='bbox 212 2717 243 2776; x_wconf 90' lang='lat' dir='ltr'><strong>Si</strong></span> <span class='ocrx_word' id='word_1_201' title='bbox 268 2725 376 2778; x_wconf 90' lang='lat' dir='ltr'><strong>tantum</strong></span> <span class='ocrx_word' id='word_1_202' title='bbox 398 2717 467 2777; x_wconf 90' lang='lat' dir='ltr'><strong>culti</strong></span> <span class='ocrx_word' id='word_1_203' title='bbox 489 2717 576 2776; x_wconf 85' lang='lat' dir='ltr'><strong>solus¹</strong></span> <span class='ocrx_word' id='word_1_204' title='bbox 592 2717 763 2794; x_wconf 84' lang='lat' dir='ltr'><strong>possederis</strong></span> <span class='ocrx_word' id='word_1_205' title='bbox 784 2717 857 2793; x_wconf 83' lang='lat' dir='ltr'><strong>agri,</strong></span> 
     </span>
    </p>

    <p class='ocr_par' dir='ltr' id='par_1_21' title="bbox 210 2797 1201 2960">
     <span class='ocr_line' id='line_1_31' title="bbox 212 2797 1201 2876; baseline -0.008 -15"><span class='ocrx_word' id='word_1_206' title='bbox 212 2799 356 2873; x_wconf 86' lang='lat' dir='ltr'><strong>Quantum</strong></span> <span class='ocrx_word' id='word_1_207' title='bbox 378 2799 431 2860; x_wconf 90' lang='lat' dir='ltr'><strong>sub</strong></span> <span class='ocrx_word' id='word_1_208' title='bbox 452 2799 534 2859; x_wconf 83' lang='lat' dir='ltr'><strong>&#39;latio</strong></span> <span class='ocrx_word' id='word_1_209' title='bbox 554 2798 680 2876; x_wconf 87' lang='lat' dir='ltr'><strong>populus</strong></span> <span class='ocrx_word' id='word_1_210' title='bbox 704 2797 849 2858; x_wconf 86' lang='lat' dir='ltr'><strong>Romanus</strong></span> <span class='ocrx_word' id='word_1_211' title='bbox 872 2797 980 2857; x_wconf 88' lang='lat' dir='ltr'><strong>arabat.</strong></span> <span class='ocrx_word' id='word_1_212' title='bbox 1149 2807 1201 2862; x_wconf 76' lang='lat'><strong>160</strong></span> 
     </span>
     <span class='ocr_line' id='line_1_32' title="bbox 210 2879 932 2960; baseline -0.01 -16"><span class='ocrx_word' id='word_1_213' title='bbox 210 2883 280 2944; x_wconf 83' lang='lat' dir='ltr'><strong>lilox</strong></span> <span class='ocrx_word' id='word_1_214' title='bbox 303 2886 388 2944; x_wconf 90' lang='lat' dir='ltr'><strong>etiam</strong></span> <span class='ocrx_word' id='word_1_215' title='bbox 409 2883 509 2942; x_wconf 84' lang='lat' dir='ltr'><strong>fractis</strong></span> <span class='ocrx_word' id='word_1_216' title='bbox 532 2888 628 2942; x_wconf 88' lang='lat' dir='ltr'><strong>aetate</strong></span> <span class='ocrx_word' id='word_1_217' title='bbox 651 2897 686 2940; x_wconf 89' lang='lat' dir='ltr'><strong>ac</strong></span> <span class='ocrx_word' id='word_1_218' title='bbox 708 2881 815 2942; x_wconf 89' lang='lat' dir='ltr'><strong>Punica</strong></span> <span class='ocrx_word' id='word_1_219' title='bbox 837 2879 932 2960; x_wconf 85' lang='lat' dir='ltr'><strong>passis</strong></span> 
     </span>
    </p>

    <p class='ocr_par' dir='ltr' id='par_1_22' title="bbox 210 2962 1102 3128">
     <span class='ocr_line' id='line_1_33' title="bbox 210 2962 1102 3044; baseline -0.003 -17"><span class='ocrx_word' id='word_1_220' title='bbox 210 2967 327 3027; x_wconf 80' lang='lat' dir='ltr'><strong>Proelia</strong></span> <span class='ocrx_word' id='word_1_221' title='bbox 349 2964 399 3024; x_wconf 88' lang='lat' dir='ltr'><strong>vel</strong></span> <span class='ocrx_word' id='word_1_222' title='bbox 421 2964 560 3040; x_wconf 76' lang='lat' dir='ltr'><strong>Pyrrhum</strong></span> <span class='ocrx_word' id='word_1_223' title='bbox 582 2966 732 3025; x_wconf 90' lang='lat' dir='ltr'><strong>immanem</strong></span> <span class='ocrx_word' id='word_1_224' title='bbox 755 2964 930 3044; x_wconf 80' lang='lat' dir='ltr'><strong>gladiosque</strong></span> <span class='ocrx_word' id='word_1_225' title='bbox 953 2962 1102 3024; x_wconf 81' lang='lat' dir='ltr'><strong>Molossos</strong></span> 
     </span>
     <span class='ocr_line' id='line_1_34' title="bbox 211 3049 985 3128; baseline -0.001 -19"><span class='ocrx_word' id='word_1_226' title='bbox 211 3049 339 3110; x_wconf 87' lang='lat' dir='ltr'><strong>&#39;landem</strong></span> <span class='ocrx_word' id='word_1_227' title='bbox 361 3065 415 3128; x_wconf 85' lang='lat' dir='ltr'><strong>pro</strong></span> <span class='ocrx_word' id='word_1_228' title='bbox 437 3049 533 3110; x_wconf 89' lang='lat' dir='ltr'><strong>multis</strong></span> <span class='ocrx_word' id='word_1_229' title='bbox 560 3052 610 3110; x_wconf 85' lang='lat' dir='ltr'><strong>rix</strong></span> <span class='ocrx_word' id='word_1_230' title='bbox 630 3052 731 3127; x_wconf 84' lang='lat' dir='ltr'><strong>iugera</strong></span> <span class='ocrx_word' id='word_1_231' title='bbox 753 3050 819 3110; x_wconf 86' lang='lat' dir='ltr'><strong>bina</strong></span> <span class='ocrx_word' id='word_1_232' title='bbox 844 3049 985 3110; x_wconf 88' lang='lat' dir='ltr'><strong>dabantur</strong></span> 
     </span>
    </p>

    <p class='ocr_par' dir='ltr' id='par_1_23' title="bbox 210 3131 1045 3234">
     <span class='ocr_line' id='line_1_35' title="bbox 210 3131 1045 3234; baseline -0.002 -41"><span class='ocrx_word' id='word_1_233' title='bbox 210 3133 402 3194; x_wconf 86' lang='lat' dir='ltr'><strong>Vulneribus:</strong></span> <span class='ocrx_word' id='word_1_234' title='bbox 425 3151 539 3194; x_wconf 88' lang='lat' dir='ltr'><strong>meroes</strong></span> <span class='ocrx_word' id='word_1_235' title='bbox 562 3134 637 3196; x_wconf 87' lang='lat' dir='ltr'><strong>lraec</strong></span> <span class='ocrx_word' id='word_1_236' title='bbox 656 3135 806 3234; x_wconf 50' lang='lat' dir='ltr'><strong>acuminis</strong></span> <span class='ocrx_word' id='word_1_237' title='bbox 829 3143 916 3212; x_wconf 84' lang='lat' dir='ltr'><strong>atque</strong></span> <span class='ocrx_word' id='word_1_238' title='bbox 935 3131 1045 3194; x_wconf 88' lang='lat' dir='ltr'><strong>laboris</strong></span> 
     </span>
    </p>

    <p class='ocr_par' dir='ltr' id='par_1_24' title="bbox 210 3215 1199 3381">
     <span class='ocr_line' id='line_1_36' title="bbox 210 3215 1199 3298; baseline 0.001 -21"><span class='ocrx_word' id='word_1_239' title='bbox 210 3215 306 3278; x_wconf 82' lang='lat' dir='ltr'><strong>Nullis</strong></span> <span class='ocrx_word' id='word_1_240' title='bbox 326 3218 385 3278; x_wconf 83' lang='lat' dir='ltr'><strong>risa</strong></span> <span class='ocrx_word' id='word_1_241' title='bbox 413 3235 547 3298; x_wconf 85' lang='lat' dir='ltr'><strong>nmquam</strong></span> <span class='ocrx_word' id='word_1_242' title='bbox 569 3219 678 3279; x_wconf 87' lang='lat' dir='ltr'><strong>meritis</strong></span> <span class='ocrx_word' id='word_1_243' title='bbox 700 3221 809 3294; x_wconf 83' lang='lat' dir='ltr'><strong>minor,</strong></span> <span class='ocrx_word' id='word_1_244' title='bbox 832 3227 881 3278; x_wconf 91' lang='lat' dir='ltr'><strong>aut</strong></span> <span class='ocrx_word' id='word_1_245' title='bbox 900 3219 1031 3295; x_wconf 81' lang='lat' dir='ltr'><strong>ingratae</strong></span> <span class='ocrx_word' id='word_1_246' title='bbox 1147 3223 1199 3279; x_wconf 86' lang='grc'><strong>165</strong></span> 
     </span>
     <span class='ocr_line' id='line_1_37' title="bbox 212 3297 956 3381; baseline 0 -21"><span class='ocrx_word' id='word_1_247' title='bbox 212 3297 299 3361; x_wconf 77' lang='lat' dir='ltr'><strong>Curta</strong></span> <span class='ocrx_word' id='word_1_248' title='bbox 323 3301 395 3362; x_wconf 90' lang='lat' dir='ltr'><strong>lides</strong></span> <span class='ocrx_word' id='word_1_249' title='bbox 414 3305 535 3381; x_wconf 88' lang='lat' dir='ltr'><strong>patriae.</strong></span> <span class='ocrx_word' id='word_1_250' title='bbox 573 3300 726 3364; x_wconf 88' lang='lat' dir='ltr'><strong>Saturabat</strong></span> <span class='ocrx_word' id='word_1_251' title='bbox 747 3301 867 3380; x_wconf 86' lang='lat' dir='ltr'><strong>glebula</strong></span> <span class='ocrx_word' id='word_1_252' title='bbox 890 3301 956 3362; x_wconf 84' lang='lat' dir='ltr'><strong>talis</strong></span> 
     </span>
    </p>

    <p class='ocr_par' dir='ltr' id='par_1_25' title="bbox 210 3383 1054 3466">
     <span class='ocr_line' id='line_1_38' title="bbox 210 3383 1054 3466; baseline -0.002 -21"><span class='ocrx_word' id='word_1_253' title='bbox 210 3385 357 3446; x_wconf 89' lang='lat' dir='ltr'><strong>Patrem</strong></span> <span class='ocrx_word' id='word_1_254' title='bbox 347 3404 440 3466; x_wconf 82' lang='lat' dir='ltr'><strong>ipsum</strong></span> <span class='ocrx_word' id='word_1_255' title='bbox 463 3385 633 3464; x_wconf 87' lang='lat' dir='ltr'><strong>turbamque</strong></span> <span class='ocrx_word' id='word_1_256' title='bbox 656 3403 758 3463; x_wconf 81' lang='lat' dir='ltr'><strong>casae,</strong></span> <span class='ocrx_word' id='word_1_257' title='bbox 782 3403 836 3465; x_wconf 82' lang='lat' dir='ltr'><strong>qua</strong></span> <span class='ocrx_word' id='word_1_258' title='bbox 858 3386 918 3446; x_wconf 87' lang='lat' dir='ltr'><strong>icta</strong></span> <span class='ocrx_word' id='word_1_259' title='bbox 939 3383 1054 3445; x_wconf 87' lang='lat' dir='ltr'><strong>iacebat</strong></span> 
     </span>
    </p>

    <p class='ocr_par' dir='ltr' id='par_1_26' title="bbox 210 3467 918 3551">
     <span class='ocr_line' id='line_1_39' title="bbox 210 3467 918 3551; baseline -0.001 -21"><span class='ocrx_word' id='word_1_260' title='bbox 210 3467 292 3530; x_wconf 82' lang='lat' dir='ltr'><strong>Uxor</strong></span> <span class='ocrx_word' id='word_1_261' title='bbox 314 3479 344 3530; x_wconf 90' lang='lat' dir='ltr'><strong>ct</strong></span> <span class='ocrx_word' id='word_1_262' title='bbox 365 3470 488 3530; x_wconf 85' lang='lat' dir='ltr'><strong>infantes</strong></span> <span class='ocrx_word' id='word_1_263' title='bbox 511 3469 648 3530; x_wconf 88' lang='lat' dir='ltr'><strong>ludebant</strong></span> <span class='ocrx_word' id='word_1_264' title='bbox 670 3479 822 3551; x_wconf 86' lang='lat' dir='ltr'><strong>quattuor,</strong></span> <span class='ocrx_word' id='word_1_265' title='bbox 846 3486 918 3530; x_wconf 89' lang='lat' dir='ltr'><strong>unus</strong></span> 
     </span>
    </p>
   </div>
   <div class='ocr_carea' id='block_1_4' title="bbox 0 0 1300 3946">
    <p class='ocr_par' dir='ltr' id='par_1_27' title="bbox 0 0 1300 3946">
     <span class='ocr_line' id='line_1_40' title="bbox 0 0 1300 3946; baseline 0 0"><span class='ocrx_word' id='word_1_266' title='bbox 0 0 1300 3946; x_wconf 95' lang='lat' dir='ltr'><strong> </strong></span> 
     </span>
    </p>
   </div>
  </div>
 </body>
</html>
