2582 3950
458 584 500 679 ll.
526 580 637 678 lllllll
660 577 886 676 lllllllllbll

576 731 758 811 imm

345 867 998 984 satiaruut!

511 1091 615 1160 rouo
642 1089 842 1192 sodomus„

491 1393 761 1460 SATIRA
790 1392 850 1458 VI.

171 1505 273 1598 Greuo
296 1530 465 1597 Pudicitiam
488 1538 612 1600 Saturno
635 1558 709 1617 rege
731 1546 870 1599 moratam

174 1620 207 1679 ln
229 1619 316 1678 terris
337 1620 489 1700 visamque
512 1622 576 1700 diu,
601 1642 687 1703 quum
709 1622 816 1700 frigida
836 1633 943 1698 parvas

174 1701 337 1762 Praeberet
358 1703 499 1782 spelunea
522 1707 624 1769 domos
646 1709 802 1785 ignemque
821 1703 972 1777 laremque

174 1785 212 1846 lit
234 1803 327 1865 penus
350 1796 380 1847 et
401 1788 533 1851 dominos
556 1792 699 1853 eommuni
720 1788 873 1850 clauderet
893 1781 1007 1850 umbrat

175 1870 347 1931 silvestrem
367 1883 502 1934 montana
522 1884 615 1936 torum
635 1892 721 1954 quum
742 1876 889 1932 sterneret
911 1881 985 1926 uxor
1151 1876 1168 1928 5

175 1953 339 2015 Fraudibus
365 1967 394 2017 et
416 1957 512 2019 culmo
532 1960 748 2036 vicinarumque
770 1955 898 2016 ferarum

174 2039 322 2115 Pellibus,
346 2039 421 2102 hand
442 2042 542 2102 similis
566 2042 635 2119 tibi,
658 2039 797 2116 Cynthia,
816 2055 873 2098 neo
892 2033 962 2108 tibi,
986 2033 1066 2092 ouius

176 2122 315 2183 Turbavit
336 2124 444 2185 nitidos
467 2128 627 2186 exstinctus
646 2143 752 2204 passer
772 2121 900 2197 ooellos,

175 2207 236 2268 Sed
259 2208 386 2286 potanda
411 2208 512 2269 ierens
534 2209 689 2270 infantibus
712 2207 803 2268 ubera
824 2205 948 2282 magnis,

174 2290 212 2352 ldt
230 2307 322 2371 saepe
342 2290 488 2353 horridior
509 2293 646 2371 glandem
666 2299 799 2352 ruotante
821 2290 934 2350 marito.
1132 2298 1169 2350 10

113 2441 118 2452 ,
176 2373 293 2454 Quippe
315 2373 400 2435 aliter
418 2384 486 2436 tune
506 2376 578 2437 orbe
601 2393 678 2436 novo
700 2374 848 2453 coeloque
870 2370 984 2432 recenti

110 2463 114 2470 '
173 2457 322 2518 Vivebaut
343 2457 493 2537 homines,
518 2462 567 2539 qui
589 2468 675 2539 rupto
698 2458 809 2520 robore
830 2457 889 2517 nati

177 2538 375 2620 Compositive
398 2542 459 2604 luto
482 2544 579 2605 nullos
600 2544 731 2606 habuere
754 2551 902 2623 parentes.
1009 2547 1012 2556 “

174 2624 264 2686 blulta
286 2625 444 2705 pudicitiae
465 2629 577 2688 veteris
597 2629 723 2704 vestigia
743 2626 845 2686 forsan

175 2709 233 2769 Aut
256 2708 353 2788 aliqua
376 2713 540 2771 exstiterint
561 2718 590 2770 et
611 2711 665 2770 sub
686 2711 773 2778 love;
798 2708 853 2768 sed
874 2703 944 2764 Iove
965 2704 1090 2765 nondum
1135 2715 1170 2768 15

174 2791 318 2869 Barbam,
341 2795 467 2854 nondum
489 2791 610 2855 Graecis
632 2795 729 2853 iurare
752 2792 861 2870 paratis

175 2875 232 2938 Per
254 2885 341 2957 eaput
361 2876 495 2952 alterius,
519 2894 606 2955 quum
626 2875 718 2936 iurem
740 2891 825 2935 nemo
847 2873 963 2933 timeret

177 2957 315 3021 caulibus
339 2969 369 3020 et
389 2961 484 3038 pomis
506 2968 535 3019 et
555 2968 658 3038 aperto
680 2960 795 3019 viveret
816 2957 913 3019 borlo.

175 3043 314 3104 Paulatim
335 3041 499 3103 deinde‘ad
520 3059 645 3121 superos
667 3041 792 3104 Astraea
813 3041 940 3102 recessit

176 3126 238 3187 liae
260 3127 382 3201 comite,
408 3134 493 3203 atque
516 3123 592 3187 duae
614 3127 725 3204 pariter
747 3126 851 3205 lugere
874 3142 1003 3186 sorores.
1134 3129 1171 3181 to

175 3209 332 3288 Antiquom
355 3217 490 3270 etvetus
513 3219 559 3271 est
580 3209 722 3287 alienum,
744 3210 897 3286 Postume,
920 3208 1028 3269 lectum

179 3290 344 3353 Conantere
367 3301 454 3374 atque
479 3295 557 3356 sauri
578 3296 696 3373 genium
720 3303 908 3355 contemnere
932 3290 1027 3351 iuleri.

178 3374 268 3436 Omne
287 3376 365 3438 aliud
386 3379 495 3439 crimen
516 3379 704 3440 mox-terrea
727 3377 847 3458 protulit
867 3385 964 3438 aetas:

176 3459 319 3521 Viderunt
339 3463 448 3542 primos
471 3473 611 3542 argentea
629 3462 729 3524 seoula
751 3461 902 3522 moechos.
