2590 3946
506 257 632 313 sauma
653 267 687 313 X.

117 407 155 466 Ut
177 406 275 484 pueris
300 405 419 484 placeas
442 413 472 464 ct
493 404 666 464 declamatio
689 405 758 466 lias!

116 489 197 549 Unus
219 486 340 548 Pellaeo
362 489 458 547 iuveni
481 505 539 547 non
560 487 668 548 suflicit
690 487 786 558 orbis3

116 574 241 633 Aestuat
259 571 362 631 infelix
383 579 505 649 angusto
525 571 615 630 limite
639 569 744 647 mandi,
1090 624 1095 630 .

6 711 7 720 ,
118 655 156 716 Ut
182 654 268 729 Gyarl
291 654 407 715 clausus
430 655 561 732 scopulis
583 671 733 734 parvaque
755 654 898 734 Seripho:
1053 667 1104 723 170

118 739 212 812 Quum
236 746 331 798 tamen
356 757 372 798 a
398 736 494 814 ligulis
516 739 650 798 munitam
672 739 823 800 intraverit
843 738 954 815 urbem,

117 821 308 901 sarcophago
330 829 485 881 contentus
509 822 573 880 erit.
606 819 686 882 blcrs
706 821 770 882 sola
791 822 907 902 latetur,

118 904 261 979 Quantula
287 906 343 964 sint
364 903 508 966 bominum
530 904 714 984 corpuscula.
752 902 886 967 creditur
909 907 977 967 clim

116 988 288 1049 Velilicatns
309 986 403 1048 Athos
426 997 456 1048 et
479 988 617 1066 quidquid
640 987 763 1050 Graecia
784 990 909 1050 mendax

116 1072 214 1132 Audet
234 1073 264 1131 in
285 1071 420 1148 historia,
444 1081 620 1132 constratum
642 1072 784 1134 classibus
806 1072 899 1134 isdem
1053 1081 1104 1137 175

116 1155 362 1235 Suppositnmqne
385 1157 457 1216 rotis
480 1155 604 1216 solidum
626 1173 722 1225 mare;
751 1156 896 1217 credimus
919 1157 994 1218 altos

115 1238 273 1300 Deiecisse
296 1255 396 1299 amnes
419 1249 565 1318 epotaque
588 1239 703 1300 flumina
728 1239 816 1301 bledo

114 1322 295 1398 Prandente,
319 1332 349 1382 et
373 1322 496 1384 madidis
523 1331 619 1384 cantat
640 1339 716 1402 quac
741 1325 890 1384 Sostratus
913 1324 975 1386 alis.

114 1405 171 1466 ille
194 1414 289 1468 tamen
311 1405 405 1485 qualis
428 1407 514 1467 rediit
537 1406 681 1468 Salamine
703 1407 817 1484 relicta,

115 1488 148 1548 ln
176 1486 283 1550 (lorum
304 1499 391 1568 atque
416 1487 524 1550 Eurum
549 1490 653 1550 solitus
676 1492 791 1552 saevire
814 1491 942 1568 flagellis
1052 1501 1104 1556 180

114 1571 276 1646 Barbarus,
300 1573 408 1632 Aeolio
433 1591 585 1652 numquam
608 1573 667 1634 boc
689 1575 718 1634 in
743 1591 866 1636 carcere
889 1593 1006 1653 passos,

115 1655 212 1734 lpsum
235 1655 424 1736 compedibus
446 1659 495 1737 qui
516 1657 651 1718 vinxerat
672 1655 910 1736 Ennosigaeum?

115 1737 211 1800 Mitius
237 1738 266 1799 id
288 1758 375 1807 sane:
399 1737 489 1818 quid?
513 1758 571 1800 non
596 1749 626 1801 et
649 1741 782 1818 stigmate
808 1741 923 1818 dignum

117 1819 267 1884 credidit?
289 1822 356 1883 hnic
383 1825 536 1901 quisquam
555 1823 649 1884 vellet
672 1825 785 1883 servire
808 1823 951 1884 deornm?

6 1959 8 1984 ,
116 1903 176 1967 Sed
199 1905 294 1984 qualis
315 1904 424 1968 rediit?
448 1924 554 1985 nempe
576 1924 633 1966 nna
656 1923 745 1982 nave,
774 1909 900 1966 cruentis
1051 1919 1103 1973 181

115 1987 264 2050 Fluctibus
289 2007 325 2049 ac
349 1990 432 2051 tarda
451 2007 507 2069 per
529 1988 620 2051 densa
644 1989 787 2050 cadavera
813 2005 911 2067 prora.

116 2071 174 2132 llas
193 2074 281 2132 toties
301 2082 399 2151 optata
424 2074 524 2152 exegit
544 2073 640 2151 gloria
664 2073 793 2152 poenas!

155 2154 200 2216 Da
219 2157 342 2234 spatium
363 2158 456 2232 vitae,
485 2156 591 2218 multos
619 2156 672 2233 da,
696 2156 846 2235 luppiter,
870 2156 975 2217 annos!

115 2239 179 2299 Hoc
200 2246 284 2299 recto
304 2239 402 2314 vultu,
432 2242 526 2303 solum
547 2241 605 2302 boc
627 2250 658 2301 et
678 2238 805 2319 pallidus
828 2250 921 2319 optas.

6 2329 7 2398 J
116 2322 176 2383 Sed
204 2341 288 2402 11111
311 2324 455 2384 continuis
478 2333 508 2384 et
534 2325 646 2404 quantis
668 2324 757 2401 longa
779 2332 918 2384 senectus
1053 2335 1103 2388 190

6 2407 7 2480 1
117 2406 205 2467 Plena
225 2405 321 2467 malis!
346 2406 507 2467 deformem
527 2417 556 2467 et
577 2417 682 2468 tetrum
703 2416 770 2468 ante
794 2408 888 2468 omnia
909 2406 1017 2467 vultum

6 2485 7 2494 ’
114 2489 351 2568 Dissimilemqne
377 2492 437 2566 sni,
462 2490 622 2552 deformem
648 2507 703 2570 pro
729 2499 796 2550 cute
820 2489 930 2570 pellem

6 2567 7 2576 ’
114 2573 338 2653 Pendentesqne
357 2591 450 2652 genas
471 2581 502 2634 et
526 2573 603 2636 tales
623 2574 724 2653 aspice
750 2592 850 2652 rugas,

115 2655 243 2732 Quales,
271 2656 446 2718 nrnbrlieros
469 2656 518 2717 ubi
540 2657 639 2737 pandit
661 2656 813 2720 Thabraca
835 2657 936 2735 saltus,

114 2740 147 2800 ln
171 2740 270 2800 vetula
296 2741 402 2820 scalpit
423 2742 479 2801 iam
499 2749 593 2802 mater
613 2741 696 2803 simia
718 2740 822 2802 bucca.
1052 2751 1102 2807 191

113 2824 239 2884 Plurima
260 2833 325 2883 sunt
349 2827 483 2884 iuvenum
509 2824 688 2894 discrimina;
714 2824 865 2905 pulchrior
884 2824 936 2886 ille

113 2906 194 2983 llcc,
219 2915 306 2984 atque
328 2907 379 2968 ille
399 2907 476 2984 alic,
496 2909 613 2969 multum
636 2907 685 2968 bic
706 2907 855 2968 robustior
875 2907 943 2968 illo:

113 2989 179 3050 Una
200 3008 301 3050 senum
323 2991 432 3068 iacies,
456 3009 520 3051 cnm
544 3008 620 3051 voce
645 2993 798 3052 trementia
820 2988 949 3050 membra

115 3073 230 3135 Etiam
252 3073 319 3134 leve
344 3084 431 3153 capnt
450 3072 614 3154 madidique
638 3073 756 3135 infantia
779 3075 851 3133 nasi.

115 3156 306 3234 Frangendos
326 3159 433 3218 misero
454 3158 572 3234 gingiva
592 3158 676 3236 panis
696 3158 814 3217 inermi:
1051 3167 1104 3218 100

6 3253 8 3302 l
116 3238 216 3320 Usque
239 3241 314 3301 adeo
338 3241 436 3319 gravis
458 3242 543 3300 uxori
568 3241 699 3320 natisque
722 3240 847 3320 sibique,

114 3323 153 3385 Ut
175 3325 317 3404 captatori
340 3333 456 3384 moveat
480 3323 593 3385 fastidia
617 3321 722 3385 Cosso.

114 3405 181 3468 Non
206 3407 308 3468 eadem
333 3407 393 3467 vini
415 3417 502 3486 atque
528 3408 603 3484 cibi,
625 3417 761 3487 torpente
785 3407 895 3487 palato,

115 3488 239 3561 (laudia;
269 3508 334 3550 nam
359 3491 453 3550 coitus
476 3493 532 3551 lam
555 3490 644 3568 longa
670 3490 797 3567 oblivio,
820 3489 870 3550 111
895 3489 919 3548 si
