2590 3946
502 229 628 278 SATIRA
651 231 729 278 xrn.

119 371 244 449 Effigies
267 370 342 429 inter
364 378 478 429 vestras
498 378 678 449 statuamque
698 370 825 448 Vagclli.

161 456 293 534 Accipe,
319 470 394 533 qnae
418 461 519 513 contra
535 453 633 514 valeat
652 453 756 514 solatia
775 454 856 515 ferre

117 540 156 600 ltt
177 539 226 618 qui
248 556 304 598 nec
326 535 471 613 Cynicos,
495 555 551 597 nec
574 536 673 597 Stoica
693 537 829 615 dogmata
852 538 924 616 legit

118 625 146 684 A
168 622 286 698 Cynicis
308 623 405 681 tunica
427 621 579 697 distantia,
603 638 661 680 non
679 621 839 701 Epicurum

119 707 249 786 Suspicit
267 706 365 782 exigui
387 705 496 764 laetum
516 703 697 784 plantaribus
717 705 803 767 horti.

120 790 265 851 (iurentur
286 787 364 850 duhii
386 789 507 849 medicis
528 789 687 850 maioribus
707 792 800 868 aegri,

119 874 161 937 'lu
192 891 295 935 vanam
327 874 378 935 rel
410 872 554 952 discipulo
575 875 721 935 committo
738 874 874 955 Philippi.

119 961 150 1021 Si
167 958 277 1019 nullum
298 959 327 1017 in
348 957 435 1017 terris
458 966 515 1018 tam
537 956 714 1019 detestabile
736 958 843 1018 factum

119 1042 276 1119 Ostendis,
299 1051 404 1117 taceo,
428 1059 484 1100 nec
509 1043 614 1120 pugnis
638 1042 765 1103 caedere
787 1052 890 1123 pectus

119 1128 161 1188 'l‘e
184 1135 253 1186 veto
275 1143 332 1185 nec
355 1123 441 1203 plana
464 1125 569 1186 faciem
591 1126 770 1186 contundere
791 1127 902 1207 palma:

120 1209 361 1288 Quandoquidem
383 1218 509 1287 accepto
533 1210 693 1271 claudenda
714 1219 759 1270 est
781 1213 865 1271 ianua
887 1212 1000 1290 damno,

118 1295 156 1356 m
177 1294 287 1354 maiore
311 1293 413 1352 domus
435 1295 561 1370 gemitu,
582 1296 692 1355 maiore
714 1295 835 1355 tumultu

118 1375 297 1456 Plangnntur
314 1378 435 1453 nummi,
458 1395 543 1457 quam
564 1377 677 1438 lunera.
722 1378 815 1439 Nemo
838 1377 971 1440 dolorem

117 1461 215 1540 Fingit
236 1463 265 1521 in
284 1460 342 1522 boc
363 1478 451 1538 caso,
470 1470 584 1522 vastem
605 1462 743 1522 diducere
764 1477 902 1524 summam

10 1543 11 1550 '
120 1544 297 1622 Contentus,
319 1562 430 1606 vexare
454 1546 558 1607 oculos
577 1545 698 1611 humore
721 1557 841 1608 coacto:

118 1631 253 1692 Ploratnr
275 1630 402 1690 lacrimis
426 1631 531 1690 amissa
552 1633 677 1709 pecnnia
695 1633 785 1690 veris.

119 1715 179 1775 Sed
201 1715 226 1774 si
248 1722 352 1774 cuncta
374 1714 457 1774 vides
481 1714 565 1775 simili
586 1714 651 1774 lora
673 1714 760 1792 plena
782 1716 926 1794 querella,

119 1799 150 1861 Si
175 1799 275 1859 decies
298 1797 384 1857 lectis
405 1797 521 1859 diversa
543 1807 627 1876 parte
647 1796 765 1858 tabellis

117 1882 200 1943 Vana
222 1882 396 1961 supervacui
419 1881 517 1941 dicunt
542 1881 736 1960 chirographa
759 1881 840 1959 ligni,

118 1967 225 2044 Arguit
246 1968 376 2046 ipsorum
399 1980 472 2044 quos
494 1964 592 2026 littera
614 1983 786 2043 gemmaque
810 1967 948 2046 princeps

119 2049 354 2126 Sardonychnm,
374 2049 480 2109 loculis
503 2067 578 2127 quae
603 2049 762 2110 custoditur
784 2049 919 2110 eburnis:

119 2135 210 2210 Ten’,
234 2151 252 2194 o
275 2133 413 2194 delicias!
437 2141 519 2194 extra
544 2135 703 2194 communia
723 2151 829 2194 censes

118 2218 305 2294 Ponendum,
327 2219 393 2296 quia
409 2228 439 2278 tu
462 2218 587 2296 gallinae
610 2218 686 2278 lilius
707 2217 803 2295 albae,

117 2301 181 2362 Nos
202 2303 278 2362 viles
300 2302 392 2380 pulli,
415 2301 660 2363 nati·inlelicibus
683 2298 767 2361 ovis?

118 2386 193 2446 Rem
212 2387 323 2466 pateris
345 2387 488 2447 modicam
510 2395 541 2446 at
561 2385 702 2446 mediocri
721 2384 781 2445 bile
803 2383 963 2461 ferendam,

120 2471 151 2531 Si
174 2469 277 2530 ductas
301 2469 404 2530 oculos
425 2471 536 2531 maiora
557 2469 593 2530 ad
616 2470 743 2531 crimina.
790 2464 901 2528 Confer

10 2571 11 2610 f
120 2553 302 2616 Gondnctnm
322 2553 480 2630 latronem,
503 2553 637 2613 incendia
669 2555 780 2616 sulfure
820 2559 927 2630 coepta
1062 2561 1113 2614 145

119 2639 217 2716 Atque
241 2638 327 2714 dolo,
351 2640 460 2717 primos
483 2655 569 2716 quum
591 2640 674 2698 ianua
698 2635 811 2714 colligit
831 2637 932 2714 ignes3

121 2721 233 2782 Confer
254 2732 284 2784 et
305 2721 378 2799 bos,
400 2723 510 2782 veteris
533 2723 582 2801 qni
604 2721 708 2784 tollunt
728 2721 850 2798 grandia
874 2720 974 2798 templi

119 2804 229 2866 Pocula
248 2807 414 2869 adorandae
437 2806 578 2884 robiginis
597 2815 626 2866 et
647 2805 824 2886 populorum

120 2889 205 2949 Dona
226 2891 276 2950 vel
293 2893 411 2970 antiqno
432 2893 544 2970 positas
565 2909 581 2950 a
604 2909 677 2968 rege
700 2907 836 2950 coronas.

119 2972 202 3033 llaec
222 2973 262 3034 ibi
282 2976 382 3034 sinon
404 2983 486 3052 sunt,
509 2976 602 3034 minor
624 2982 719 3034 exstat
741 2971 929 3048 sacrilegus,¹
949 2970 997 3048 qui
1063 2981 1114 3032 lto

120 3056 216 3118 Radat
236 3059 357 3120 inaurati
376 3059 470 3118 femur
485 3057 620 3118 Herculis
644 3067 673 3116 et
695 3057 801 3116 faciem
821 3055 913 3134 ipsam

120 3139 264 3220 Neptuni,
287 3143 335 3222 qni
356 3141 537 3203 bracteolam
560 3141 597 3201 dc
620 3138 745 3200 castore
768 3139 868 3208 ducat;
918 3140 920 3144 ’

10 3223 11 3248 ¹
120 3224 167 3283 An
190 3225 317 3304 dubitet,
340 3226 442 3287 solitus
463 3233 553 3285 totum
577 3223 705 3285 conflare
729 3218 909 3283 Tonantem?

122 3305 233 3369 Gonler
255 3317 285 3370 et
305 3310 433 3372 artillces
453 3317 706 3387 mercatoremque
728 3309 833 3368 veneni

121 3387 159 3451 lit
181 3391 381 3455 deducendum
399 3397 481 3455 corio
499 3393 584 3454 bovis
604 3395 749 3470 inmane,
773 3408 836 3452 oum
859 3406 917 3470 qno

123 3470 272 3537 (llarrditnr
294 3478 424 3538 adversis
446 3479 563 3538 innoxia
586 3477 667 3538 simia
685 3476 761 3536 latis.
