2590 3946
483 265 608 314 struto
629 267 677 314 xt.

103 406 286 486 Despiciam,
313 407 454 482 quieuit,
482 413 588 483 quanto
612 404 764 464 sublimior
786 406 870 466 Atlas

104 488 241 550 Omnibus
265 490 293 548 in
313 486 403 562 Libya
426 489 464 546 sit
486 487 645 564 montibus,
664 488 712 548 hic
732 500 827 548 tamen
848 488 924 549 idem

103 575 238 652 ignoret,
265 579 400 652 quantum
421 570 529 631 ferrata
553 571 640 631 dbtet
666 571 701 631 ab
727 589 795 632 arca

104 655 256 718 sacculus.
287 652 313 714 lt
339 653 424 715 coelo
447 653 599 714 descendit
619 657 718 733 γνῶθι
742 651 873 730 σεαυτόν,

103 738 263 817 Figendum
285 745 314 797 et
338 739 459 797 memori
480 735 656 798 tractandum
681 748 822 817 pectore,
845 740 908 798 sire

102 821 274 898 Coniugium
294 835 418 899 quaeras
439 819 488 879 rel
510 822 586 880 sacri
608 821 637 880 in
654 831 740 900 parte
763 831 880 882 senatus

102 905 178 966 Esse
201 903 290 971 velis;
317 920 412 980 neque
438 905 513 962 enim
535 903 654 965 loricam
675 906 772 983 poscit
794 902 918 966 Achillis

102 989 267 1061 Thersites,
294 988 322 1045 in
349 1003 405 1064 qua
431 1003 464 1045 sc
488 987 657 1048 traducebat
678 988 795 1062 Ulixen

102 1072 265 1150 Ancipitem
290 1087 342 1128 seu
364 1078 395 1128 tu
420 1086 525 1148 magno
549 1071 712 1130 discrimine
736 1087 851 1133 causam

102 1155 261 1231 Protegere
284 1152 421 1229 auectas,
445 1162 475 1212 te
498 1153 637 1230 consule,
660 1155 706 1215 dic
727 1155 792 1231 tibi,
815 1155 864 1235 qui
886 1154 938 1230 sis,

102 1237 208 1297 Orator
227 1235 402 1311 vehemens,
426 1254 462 1297 aa
483 1233 598 1298 Curtius
621 1247 651 1297 et
675 1236 772 1299 biatbo
798 1238 919 1298 buccae.

100 1319 256 1380 Noscenda
280 1327 324 1378 est
347 1335 481 1379 mensura
503 1322 547 1379 sui
570 1321 786 1401 spectandaque
807 1321 898 1381 rebus

10 1441 11 1448 κ
100 1403 133 1463 ln
155 1403 269 1463 summis
291 1403 488 1481 minimisque,
511 1405 595 1464 etiam
616 1421 701 1483 quum
725 1407 814 1484 piscis
838 1413 962 1473 curetum

100 1486 145 1547 Ne
169 1486 285 1546 mullum
307 1486 424 1565 cupias,
448 1489 593 1565 quamsit
616 1487 669 1548 tibi
691 1489 782 1567 gobio
803 1497 910 1548 tantum

99 1570 133 1630 ln
158 1569 272 1632 loculis.
310 1568 381 1642 Quis
406 1571 480 1629 enim
503 1580 533 1630 te
555 1571 710 1632 deficiente
734 1589 869 1633 crumena

100 1652 138 1714 Et
161 1661 314 1714 crescente
338 1653 407 1730 gula
429 1663 525 1713 maaet
548 1656 660 1731 exitus,
687 1671 758 1715 aere
780 1665 902 1734 paterno

100 1738 146 1797 Ac
167 1737 257 1797 rebus
278 1738 381 1797 mersis
403 1738 433 1795 in
455 1747 601 1812 ventrem,
625 1738 736 1797 fenoris
758 1747 844 1816 atque

100 1821 223 1900 Argenti
245 1823 343 1898 gravis
367 1829 396 1880 et
418 1836 556 1898 pecorum
579 1837 773 1899 agrorumque
796 1819 955 1898 capacem?

100 1903 220 1965 Talibus
245 1921 261 1964 a
288 1903 408 1964 dominis
431 1911 500 1982 post
528 1912 630 1963 cuncta
653 1904 826 1964 novissimus
847 1906 907 1962 exit
1000 1945 1004 1962 t

100 1988 246 2063 Annulus,
270 1995 301 2046 et
322 1988 412 2063 digito
434 1987 578 2047 mendicat
602 1986 696 2048 Pollio
722 1987 809 2047 nudo.

99 2071 165 2131 Non
190 2071 364 2149 praematuri
388 2071 503 2130 cineres
525 2088 580 2130 nec
605 2069 689 2131 funus
710 2070 847 2131 acerbum

99 2154 256 2232 Luxuriae,
281 2152 335 2213 sed
358 2162 451 2212 morte
474 2155 565 2231 magis
585 2153 738 2214 metuenda
761 2161 907 2214 senectus.

99 2237 136 2298 Ηί
159 2237 330 2318 plerumque
351 2235 473 2314 maduo:
500 2239 642 2299 conducta
664 2240 787 2316 pecunia
806 2237 917 2297 Romae

100 2321 138 2381 nt
161 2339 259 2382 coram
283 2321 404 2380 dominis
427 2323 616 2389 consumitur;
644 2321 711 2382 inde
732 2320 780 2382 ubi
803 2321 917 2400 paulum

99 2403 209 2465 Nescio
233 2403 300 2485 quid
324 2411 459 2483 superest
481 2412 512 2464 et
528 2405 620 2482 pallet
642 2404 751 2464 fenoris
774 2412 886 2478 auctor,

101 2486 157 2561 Qui
181 2497 300 2548 vertere
328 2487 438 2563 solum,
464 2486 548 2548 Baias
571 2495 601 2546 et
623 2487 660 2547 ad
680 2497 778 2547 ostrea
802 2495 926 2546 currunt.

101 2568 218 2632 Gedere
238 2588 360 2649 namque
387 2569 452 2630 iorc
477 2572 533 2630 ianr
553 2586 610 2630 non
636 2578 683 2630 cst
704 2571 833 2630 deterius
856 2586 940 2647 quarn

100 2654 248 2733 Esquilias
276 2673 292 2714 a
316 2655 442 2713 ferventi
463 2655 588 2732 migrare
614 2654 736 2714 Subura.

100 2736 155 2798 Ille
181 2738 266 2799 dolor
290 2738 370 2797 solus
393 2738 514 2816 patriam
535 2735 725 2814 fugientibus,
753 2736 802 2796 illa

100 2820 245 2882 Maestitia
269 2831 331 2895 est,
356 2822 486 2880 caruisse
510 2838 584 2882 anno
607 2819 787 2882 circensibus
810 2837 876 2880 uno.

100 2905 253 2981 Sanguinis
280 2906 308 2963 in
330 2905 405 2964 facie
427 2919 484 2963 non
506 2905 608 2965 haeret
632 2915 725 2982 gutta;
752 2913 897 2962 morantur

101 2987 188 3047 Pauci
212 2985 363 3048 ridiculum
398 2997 427 3047 et
465 2987 623 3066 fugientem
648 3007 686 3047 ex
706 2987 778 3046 urbe
798 2985 949 3064 pudorem.

142 3070 305 3150 Experiere
328 3070 431 3146 bodie,
457 3071 592 3149 numquid
613 3069 807 3149 pulcherrirna
828 3068 916 3143 dictu,

100 3154 236 3231 Persice,
262 3171 321 3213 nou
340 3163 487 3231 praestem
511 3156 568 3213 vita
590 3153 639 3214 vei
660 3153 790 3212 moribus
814 3161 844 3211 et
864 3169 909 3226 re,

100 3236 159 3297 Sed
182 3237 298 3298 laudem
321 3237 442 3317 siliquas
463 3236 596 3298 occultus
615 3252 731 3313 ganeo,
755 3235 851 3314 pultes

99 3317 207 3381 Coram
232 3320 297 3381 aliis
323 3319 429 3381 dictem
453 3337 563 3399 puero,
587 3321 641 3380 sed
664 3320 784 3380 inaure
807 3317 969 3398 placentas.

98 3401 172 3463 Nam
195 3421 282 3483 quum
301 3405 343 3463 sis
365 3405 487 3464 conviva
510 3403 578 3463 nihi
599 3404 776 3483 promissus,
799 3400 922 3462 babebis

98 3484 281 3567 Evandrum,
304 3488 407 3547 venias
431 3485 595 3567 Tirynthius
618 3495 667 3547 aut
691 3488 784 3548 minor
802 3484 855 3546 iilo
