2590 3946
492 246 618 294 sununs
638 248 686 295 rx.
1048 241 1086 302 ct

99 389 275 450 lluuimeuta
296 395 402 463 togae,
425 384 488 444 duri
510 387 661 464 crassique
685 385 804 462 coloris,

99 472 139 532 Et
160 470 237 531 male
258 485 415 548 percussas
441 470 564 528 textoris
587 471 704 546 pectine
732 467 807 530 (lulli
1051 481 1087 537 ao

99 555 286 635 Accipimus,
309 562 397 612 tenue
423 560 572 629 argentum
593 569 746 631 venaeque
767 552 926 613 secundae.

99 637 173 698 Fata
194 645 298 714 regunt
320 634 465 703 hominem
489 635 577 695 latum
600 645 645 695 est
667 645 696 695 et
717 634 846 714 partibus
867 635 936 712 illis,

101 719 182 793 Quas
204 721 282 780 sinus
303 717 464 778 abscondit.
497 716 590 794 Nam,
612 721 636 778 si
658 718 710 778 tibi
732 719 829 780 sideru
850 729 977 795 cessant,

99 800 148 864 Ni
169 802 261 863 faciet
285 802 365 880 longi
387 819 521 861 mensura
546 803 692 878 incognita
714 803 807 876 nervi,

100 884 240 959 Quamvis
263 893 292 945 te
316 885 421 944 nudum
444 886 585 962 spumanti
604 885 691 945 Virro
714 885 824 946 labello
1049 895 1085 950 35

98 969 213 1030 Viderit
240 976 269 1028 at
291 968 415 1029 blandae
437 967 554 1028 assidue
578 967 746 1048 densaeque
768 968 904 1030 tabellae·

99 1050 281 1120 sollicitent:
304 1043 393 1124 αὐτὰς
416 1043 474 1132 γὰρ
495 1048 646 1128 ἐφέλκεται
669 1045 765 1133 ἄνδρα
785 1051 926 1124 alverton.

99 1134 187 1208 Quod
207 1144 302 1197 tumen
323 1133 445 1194 ulterius
465 1143 637 1210 monstrum,
661 1153 745 1213 quam
767 1134 865 1196 mollis
885 1132 1010 1196 avamsl

98 1216 182 1279 llaec
203 1218 302 1294 tribui,
325 1218 432 1278 deinde
453 1217 503 1278 illa
525 1217 608 1293 dedi,
634 1235 702 1279 mox
721 1218 806 1297 plura
826 1217 932 1278 tulisti:
945 1253 989 1268 --

100 1299 256 1380 computat
277 1318 312 1363 ac
336 1308 431 1361 cenet.
464 1299 590 1361 Ponatur
612 1301 759 1376 calculus,
782 1301 876 1361 adsint
1051 1313 1086 1366 40

100 1382 174 1445 (lum
196 1384 294 1446 tabula
315 1387 414 1464 pueri:
436 1401 554 1444 numera
575 1386 711 1445 sestertia
732 1385 860 1464 quinque

101 1467 241 1528 Omnibus
263 1469 292 1526 iu
312 1467 420 1544 rebus,
445 1476 630 1527 numerentur
651 1468 757 1529 deinde
782 1467 912 1528 labores.
976 1492 978 1498 ·
1095 1499 1099 1508 ·

99 1552 147 1610 Au
167 1550 256 1611 facile
280 1561 309 1611 et
330 1568 451 1630 pronum
473 1559 520 1610 est
541 1567 631 1628 agere
654 1553 727 1612 intra
749 1553 865 1611 viscera
885 1569 991 1631 penem

99 1633 271 1712 Legitimum
294 1644 380 1715 atquc
405 1635 467 1694 illic
487 1633 644 1694 hesternae
666 1651 825 1694 occurrere
848 1633 981 1695 coenae?

99 1719 213 1778 Servus
236 1719 291 1776 erit
311 1719 403 1778 minus
425 1717 476 1777 ille
499 1718 604 1792 miser,
632 1719 680 1795 qni
705 1718 812 1778 lodorit
831 1735 942 1794 aprum,
1049 1728 1085 1781 dt

101 1800 195 1874 Quam
217 1802 370 1862 dominum.
407 1800 468 1861 Sed
488 1809 517 1860 tu
541 1819 611 1860 sanc
632 1810 764 1860 tenerum
787 1809 817 1859 et
838 1817 959 1879 puerum
981 1808 1011 1860 te

100 1883 139 1944 m
162 1884 313 1963 pulchrum
335 1893 364 1944 et
385 1884 501 1961 dignum
523 1884 628 1959 cyatho
652 1883 798 1963 coeloque
820 1883 957 1961 putabam

100 1967 163 2026 Vos
186 1966 284 2028 humili
306 1967 475 2043 asseculae,
497 1983 551 2026 uos
572 1965 759 2043 indulgebitis
781 1983 913 2046 umquam

101 2048 230 2127 (luituri,
253 2053 310 2112 iarn
333 2069 390 2112 uec
409 2049 512 2110 morbo
537 2050 646 2111 donare
667 2047 781 2130 parati?

100 2121 146 2194 En
168 2134 215 2194 cui
235 2142 265 2193 tu
287 2134 408 2195 viridem
425 2133 596 2210 umbellam,
620 2134 666 2195 cui
689 2134 805 2194 succina
825 2134 919 2194 mittas
1050 2143 1083 2196 to

101 2215 241 2292 Grandia,
267 2217 370 2278 natalis
392 2219 508 2297 quoties
530 2219 606 2279 redit
627 2227 677 2278 aut
694 2218 836 2280 madidum
857 2234 911 2277 rer

100 2299 206 2380 Incipit
227 2310 257 2360 et
280 2310 368 2363 strata
390 2303 503 2381 positus
524 2302 671 2380 longaque
695 2300 832 2362 cathedra

101 2382 222 2444 blunera
242 2384 375 2446 femineis
396 2393 502 2445 tractat
524 2395 639 2446 secreta
662 2384 810 2445 kalendis!

100 2467 171 2545 Dic,
197 2485 315 2546 passer,
341 2469 386 2528 cul
406 2476 449 2528 tot
470 2479 600 2545 montes,
626 2477 669 2529 tot
690 2467 808 2546 praedia
831 2483 931 2526 servas

101 2550 234 2630 Appula,
257 2560 300 2612 tot
321 2552 425 2613 milvos
447 2553 520 2612 intra
543 2561 592 2613 tua
614 2569 723 2631 pascua
744 2547 861 2611 lassos?
1051 2559 1084 2640 pt

102 2633 145 2694 'l'e
172 2632 328 2696 'lriiolinus
351 2654 423 2715 ager
443 2635 575 2697 fecundis
596 2634 701 2697 vitibus
726 2633 837 2714 implet,

102 2719 335 2798 suspectumque
356 2721 453 2799 iugum
477 2718 574 2781 Gumis
596 2728 626 2780 et
645 2718 755 2781 (laurus
778 2719 869 2779 inanis
892 2751 936 2766 -

102 2799 174 2862 Nam
196 2803 259 2879 quis
281 2803 365 2882 plura
387 2803 450 2864 linit
470 2805 583 2864 victuro
606 2803 684 2864 dolia
705 2800 822 2865 musto?
842 2836 885 2848 —

104 2884 246 2958 Quantum
270 2896 333 2947 erat
354 2885 487 2948 exhausti
508 2887 622 2948 lumbos
644 2887 752 2948 donare
775 2885 890 2946 clientis

102 2965 254 3044 Iugeribus
278 2971 393 3049 paucis!
417 2971 558 3031 meliusne
578 2970 627 3032 hic
646 2971 771 3031 rusticus
793 2968 885 3029 inians
1051 2977 1086 3031 60

104 3048 174 3110 Cum
196 3061 287 3113 matre
311 3063 340 3113 et
362 3055 469 3114 casulis
490 3064 520 3114 et
541 3054 697 3115 conlusore
720 3051 826 3112 catello

104 3131 242 3209 Cymbala
265 3136 407 3214 pulsantis
430 3139 557 3215 legatum
579 3137 630 3196 liet
651 3132 756 3197 amici?

102 3214 255 3296 Improbus
283 3237 332 3297 es,
356 3238 443 3300 quum
467 3221 585 3300 poscis,
608 3220 656 3294 ait.
673 3248 716 3265 «-
734 3215 794 3278 Sed
815 3217 919 3295 pensio
942 3216 1045 3280 clamat
1126 3281 1131 3290 ,

103 3298 213 3370 Posca;
236 3302 290 3362 sed
313 3304 444 3383 appellat
464 3322 545 3383 puor¹
560 3305 677 3380 unicus,
699 3312 729 3363 ut
748 3302 918 3382 Polyphemi

105 3381 172 3444 Lata
194 3384 290 3462 acics,
314 3404 368 3465 per
389 3406 474 3468 mam
494 3388 601 3449 sollers
622 3388 715 3448 evasit
735 3385 847 3451 Ulixes.
1052 3395 1086 3450 65

104 3466 188 3528 Alter
212 3470 352 3530 emendus
377 3473 448 3549 crit,
470 3489 592 3552 namque
615 3472 663 3532 hic
684 3487 742 3530 nou
761 3468 884 3545 sufficit,
908 3468 992 3529 ambo
