2582 3950
559 285 683 332 suumn
705 287 729 332 1.

127 425 263 504 Antiquis
284 443 340 484 uua
361 425 515 483 comedunt
536 423 706 502 patrimonia
726 441 835 482 mensa.

127 509 232 568 Nullus
253 509 309 568 iarn
331 509 474 586 parasitus
497 508 574 574 erit..
593 506 653 566 Sed
676 507 741 585 quis
762 507 838 566 ferat
860 506 946 567 istas·

127 592 273 653 Luxuriae
296 587 422 652 sordes?
445 599 550 668 quanta
573 599 619 648 est
641 590 724 666 gula,
747 607 821 668 quae
844 589 900 650 sibi
922 601 999 653 totos
1069 607 1118 661 140

128 677 213 737 Ponit
232 693 338 755 apros,
362 674 465 735 animal
486 682 617 752 propter.
630 673 763 734 convivia
782 673 892 732 natum!

127 761 226 821 Poena
248 768 344 820 tamen
365 775 523 837 praesens,
547 775 633 836 quum
654 765 683 815 tu
705 757 828 834 deponis
848 758 968 818 amictus

128 843 271 922 'l'urgidus
295 853 323 902 et
346 843 464 903 crudum
483 858 627 920 pavonem
648 841 677 898 in
699 840 804 901 balnea
821 849 930 918 portas.

126 927 201 988 llinc
224 927 337 988 subitae
360 935 469 985 mortes
493 933 579 1003 atque
602 926 736 984 intestata
758 932 909 992 senectus;

127 1011 166 1072 Et
186 1029 262 1071 nova
283 1029 339 1070 nec
363 1010 452 1070 tristis
476 1026 530 1088 per
554 1018 672 1069 cunetas
693 1006 791 1068 fabula
811 1024 920 1067 coenas

126 1095 249 1155 Ducitur
270 1096 350 1154 iratis
374 1092 568 1172 plaudendum
588 1093 673 1152 funus
695 1092 804 1152 amicis.

191 1177 239 1238 Nil
261 1180 316 1238 erit
335 1177 471 1252 ulterius,
494 1177 571 1254 quod
592 1177 700 1236 nostris
722 1175 851 1235 moribus
868 1174 953 1236 addat

126 1263 302 1330 Posteritas·;
327 1261 430 1321 eadem
446 1261 557 1322 facient
580 1261 755 1338 cupientque
777 1260 915 1318 minores.

129 1345 221 1405 Omne
242 1346 271 1404 in
293 1345 447 1424 praecipiti
468 1345 567 1403 vitium
590 1345 683 1410 stetit;
707 1351 789 1402 utere
811 1343 903 1418 velis,

129 1428 222 1490 'l'otos
244 1429 338 1508 pande
363 1428 455 1488 sinus!
490 1427 579 1487 Dicas
599 1427 646 1486 hic
669 1427 805 1486 forsitan:
827 1425 912 1487 Unde

127 1514 276 1590 Ingenium
299 1531 351 1590 par
371 1509 531 1572 materiae?
553 1511 628 1570 unde
650 1509 701 1569 illa
721 1511 850 1588 priorum

128 1596 284 1657 Scribeudi
306 1595 509 1674 quodcumque
529 1595 623 1655 animo
645 1595 786 1672 flagrante
809 1593 916 1654 liberet

128 1681 325 1758 Simplicitas,
348 1680 428 1738 cuius
448 1695 505 1737 nnn
529 1678 623 1738 audeo
646 1679 746 1739 dicere
768 1675 897 1738 nornen?

129 1763 206 1837 Quid
227 1763 318 1823 refert
339 1762 424 1822 dictis
446 1762 579 1838 ignoscat
599 1761 712 1836 Mucius
734 1779 770 1820 au
787 1759 868 1820 non?

128 1848 208 1908 l‘one
230 1845 419 1924 Tigellinum:
442 1847 528 1906 taeda
552 1843 666 1904 lucebis
687 1847 716 1904 in
737 1845 803 1921 illa,

129 1929 193 2003 Qua
217 1939 326 1990 stantes
347 1930 467 2003 ardent,
489 1930 537 2007 qui
560 1928 619 1987 lixo
643 1937 766 2006 pectore
788 1930 912 2003 fumant,

128 2013 166 2074 Et
188 2015 274 2074 latum
295 2013 390 2073 media
412 2013 522 2072 sulcum
546 2013 666 2072 deducis
688 2030 786 2071 arena.
809 2046 851 2056 -

130 2097 186 2171 Qui
208 2097 287 2157 dedit
309 2113 381 2172 ergo
402 2095 495 2154 trihus
517 2095 626 2174 patruis
650 2096 780 2170 aconita,
801 2094 923 2154 vehatur

129 2179 293 2240 Pensililrus
316 2180 419 2257 plumis
441 2179 630 2256 atqueillinc
652 2179 797 2257 despiciet
817 2176 892 2238 nos?
915 2213 958 2227 --

131 2264 224 2337 Quum
241 2265 339 2323 reniet
362 2272 479 2338 contra,
503 2263 593 2340 digito
617 2280 775 2341 compesce
795 2262 951 2322 labellum:

129 2347 294 2407 Accusator
316 2348 370 2406 erit
392 2348 440 2425 qui
462 2346 584 2406 verbum
608 2348 726 2406 dixerit:
751 2346 799 2404 liic
822 2355 876 2405 est.

130 2433 259 2492 Securus
277 2431 347 2490 licet
366 2431 488 2490 Aenean
518 2429 711 2507 Rutulumque
730 2429 864 2488 ferocem

131 2512 315 2589 Committas,
333 2512 403 2573 nulli
424 2516 523 2590 gravis
545 2523 590 2572 est
612 2530 769 2592 percussus
790 2511 924 2571 Achilles

129 2598 188 2658 Aut
206 2598 323 2658 multum
346 2598 494 2675 quaesitus
515 2596 605 2670 Hyles
628 2613 786 2673 urnamque
807 2604 939 2664 secutum

129 2681 209 2742 Ense
229 2682 310 2742 velut
332 2683 432 2740 stricto
452 2681 567 2758 quoties
587 2679 713 2740 lucilius
736 2681 842 2740 ardens

128 2765 294 2841 infremuit,
317 2764 402 2824 rubet
424 2765 554 2839 auditor,
579 2767 623 2824 cui
646 2764 750 2840 frigida
771 2765 853 2823 men‘s
876 2771 921 2823 est

131 2846 320 2924 Criminibus,
343 2849 430 2908 tacita
452 2849 555 2909 sudant
573 2849 749 2926 praecordia
774 2848 870 2926 culpa.

129 2931 201 2992 Inde
222 2933 284 2992 irae
308 2940 337 2991 et
359 2931 506 2991 lacrimae.
548 2930 657 2990 'lecum
678 2931 758 3008 prius
782 2947 853 3008 ergo
875 2930 973 2994 voluta

129 3013 212 3076 llaec
235 3016 328 3075 anime
352 3025 417 3075 ante
436 3014 536 3082 tubas;
560 3014 705 3090 galeatum
728 3030 796 3073 sero
821 3012 911 3088 duelli

130 3098 273 3158 Poenitet.
289 3131 331 3146 -
351 3097 513 3178 Experiar,
540 3097 608 3176 quid
632 3097 809 3156 concedatur
828 3098 856 3156 in
881 3096 966 3173 illos,
1043 3103 1118 3160 ¹170

131 3179 261 3254 Quarum
281 3179 421 3242 Flaminia
440 3182 548 3258 tegitur
571 3181 642 3239 cinis
664 3188 751 3259 atque
773 3179 881 3241 Latina.

531 3405 679 3414 ..ψ-η..-
