2582 3950
201 250 238 315 18
522 263 557 310 n.
580 263 651 311 run.
673 260 860 312 ruvnunnrs

196 403 253 463 Dat
275 418 403 480 poenas,
425 409 541 462 noctem
560 401 667 481 patitur
687 401 812 479 lugentis
834 401 955 462 amicum

196 485 331 561 Pelidae,
354 484 440 545 colret
460 485 489 544 in
511 485 632 560 taciem,
654 499 723 544 mox
740 485 843 544 deinde
865 485 993 563 supinus.

195 568 276 646 Ergo
299 585 357 629 non
377 559 462 630 aliter
483 570 592 648 poterit
613 565 761 628 dormire?
789 565 967 640 Qrmnsdam

197 654 332 712 Somnum
356 653 419 714 rixa
441 645 526 712 iacit:
550 649 602 711 sed
621 652 751 728 uptamrls
772 649 921 729 improbos
943 653 1023 712 arnis

196 736 294 817 Atque
316 751 397 797 mero
420 735 537 796 larveus
558 740 642 793 cavet
664 734 756 808 lunc,
780 749 865 812 quem
888 737 1009 797 coccina
1029 737 1113 798 luena

198 820 287 880 Vitari
303 819 383 881 iubet
404 827 433 879 et
452 819 586 878 connitum
609 816 795 894 longissimus
817 817 900 894 ordo,

194 901 315 964 llnltum
336 909 492 982 praeterea
512 899 685 964 cannarum
708 903 738 961 et
759 918 851 961 aenea
872 901 928 962 lam
951 919 999 972 as;
1132 913 1185 969 255

195 985 261 1064 lle,
287 1005 372 1066 quern
392 986 458 1046 luna
481 983 558 1044 solet
580 982 726 1044 deducere
746 983 797 1044 vel
815 983 908 1045 breve
929 919 1025 1046 rumen

196 1068 361 1146 candelae,
386 1069 466 1130 cuius
488 1065 627 1146 dispenso
651 1075 681 1128 et
697 1076 831 1148 tempero
854 1067 942 1146 illum,

196 1151 369 1214 contemnit.
406 1146 533 1211 Miserae
556 1161 707 1230 cognosce
728 1155 879 1231 prooemia
901 1153 994 1228 rixae,

195 1239 227 1299 Si
246 1240 309 1297 rixa
327 1245 389 1312 est,
413 1234 460 1295 ubi
482 1244 512 1294 tu
534 1234 650 1314 pulsas,
669 1250 727 1314 ogo
748 1235 856 1316 vapulo
876 1243 994 1296 tanturn.

195 1322 258 1381 Stat
280 1328 381 1380 contra
404 1319 532 1398 starique
553 1317 648 1378 iubet:
672 1335 779 1398 parcre
799 1335 924 1380 necasse
947 1329 1007 1390 est;
1132 1331 1187 1388 290

193 1402 266 1464 Nam
288 1404 356 1482 qnid
376 1421 467 1481 agas,
491 1419 577 1480 quom
599 1410 628 1461 te
650 1399 777 1462 furiosus
799 1409 887 1481 cogat
909 1411 938 1463 et
956 1403 1031 1464 idem

194 1483 332 1548 Fortior?
374 1483 457 1547 Unde
478 1482 583 1545 venis?
601 1484 759 1555 exclamatr
782 1485 864 1546 onius
887 1493 984 1563 aceto,

196 1568 284 1631 Ocius
304 1570 418 1631 conche
440 1563 555 1629 tumes?
577 1570 641 1647 quis
663 1577 759 1630 tecum
779 1568 883 1630 sectile
904 1583 1022 1652 porrum

195 1656 283 1714 Sutor
306 1663 335 1714 at
354 1653 424 1714 elixi
445 1654 580 1716 vervecis
603 1651 685 1713 labra
708 1649 856 1714 comedit?

193 1737 241 1798 Nil
262 1737 331 1798 milri
354 1733 541 1820 respondes?
558 1745 607 1798 aut
628 1735 675 1796 dic
697 1745 746 1796 ant
766 1735 869 1816 acolpe
891 1737 1016 1798 calcem!
1131 1748 1185 1804 aas

193 1820 257 1881 Ede
277 1820 327 1881 ubi
345 1822 505 1892 consistas:
527 1821 556 1880 ur
579 1837 635 1900 qua
657 1828 688 1879 te
710 1837 819 1900 quaero
840 1818 1079 1899 prosenclra‘l..

192 1906 301 1965 Dicere
322 1905 347 1965 si
367 1912 492 1986 temptes
506 1897 621 1984 ⁴aliquid
642 1905 785 1965 tacitusve
807 1903 943 1981 recedas,

194 1985 381 2050 Tantundem
403 1998 464 2049 est:
488 1987 595 2049 lerinnt
616 1988 742 2067 pariter,
766 1987 929 2050 vadimonia
949 1985 1054 2049 delude

192 2073 261 2133 lrati
282 2073 405 2142 iaciunt;
425 2071 547 2134 libertas
569 2073 706 2152 pauperis
729 2069 803 2132 haec
824 2081 886 2132 est:
1282 2109 1283 2146 ι

192 2155 327 2217 Pulsatur
349 2165 435 2234 rogat
455 2165 484 2216 et
505 2157 610 2235 pugnis
633 2156 768 2216 concisus
786 2156 898 2232 adorat,
1130 2165 1185 2220 300
1282 2153 1283 2158 ’

193 2238 231 2300 llt
251 2239 340 2300 liceat
359 2240 460 2319 paucis
482 2257 547 2300 cunr
566 2238 699 2301 dentibus
721 2238 788 2300 inde
808 2241 928 2299 reverti.

193 2322 256 2384 Nec
273 2333 368 2385 tamen
388 2323 463 2383 haec
485 2332 592 2384 tantum
611 2331 739 2393 metuasr
760 2335 825 2382 nam
847 2324 896 2402 qni
916 2323 1026 2402 spoliet
1048 2332 1077 2383 te

193 2405 259 2466 Non
281 2407 391 2483 deerit,
415 2406 522 2468 clausis
544 2405 677 2468 domibus
696 2415 852 2488 postquam
875 2408 966 2467 onmis
985 2405 1092 2486 ultique

193 2489 265 2550 Fixa
290 2497 441 2552 catenatae
463 2490 541 2552 siluit
563 2505 708 2570 compago
726 2490 877 2552 tabernae.

193 2572 338 2634 Interdum
361 2583 390 2635 et
409 2575 490 2635 ferro
513 2574 624 2635 subitus
643 2583 795 2652 grassator
815 2575 875 2654 agit
895 2591 974 2634 rem:
1131 2581 1183 2636 305

193 2657 313 2718 Armato
336 2660 451 2740 quoties
473 2667 551 2719 tutae
570 2657 691 2717 custode
711 2666 846 2718 tenentur
941 2662 945 2674 ‘

194 2741 231 2800 Et
250 2741 399 2821 Pomptina
419 2743 503 2821 palus
527 2749 555 2801 ot
576 2739 731 2800 Gallinaria
752 2741 849 2818 pinus,

194 2825 245 2886 Sic
266 2824 334 2886 inde
352 2826 408 2887 lruo
432 2843 531 2885 omnes
553 2833 696 2902 tamquam
716 2824 752 2883 ad
771 2823 881 2882 vivaria
904 2828 1030 2886 currunt.

195 2908 259 2982 Qua
278 2909 400 2971 iornace
421 2925 545 2987 gravem
567 2925 623 2986 qna
643 2918 703 2965 non
722 2907 827 2967 incude
845 2899 987 2965 catenae?

196 2991 334 3055 Maximus
356 2995 385 3053 in
404 2993 510 3052 vinclis
529 2992 599 3051 terri
620 2989 738 3066 modus,
758 2998 789 3049 ot
808 2990 930 3065 timeas,
951 3005 989 3047 ne
1132 2998 1186 3054 ³10

194 3076 305 3138 Vomer
328 3077 459 3151 deficiat,
481 3093 517 3134 ne
535 3089 648 3134 marrae
671 3083 700 3134 et
721 3074 835 3134 sarcula
857 3073 961 3134 desint.

163 3229 166 3234 Δ
194 3159 311 3222 Felices
334 3177 509 3241 proavorum
532 3167 651 3233 atavos,
672 3157 770 3217 felicia
791 3155 872 3218 dicas
1020 3213 1024 3220 .

196 3245 319 3320 Secula,
344 3260 418 3323 quae
441 3242 585 3322 qnondam
605 3241 657 3302 snb
678 3241 796 3319 regibus
819 3249 905 3320 atque
927 3238 1047 3299 tribunis

193 3327 337 3387 Viderunt
358 3341 415 3386 uno
438 3335 602 3388 contentam
624 3344 744 3387 carcere
767 3323 897 3386 Romam.

238 3408 288 3469 His
308 3410 380 3472 alias
402 3418 535 3491 poteram
558 3420 587 3472 et
610 3409 711 3491 plnres
733 3409 907 3471 subnectere
930 3424 1047 3469 causas:
1134 3415 1185 3469 315

196 3493 258 3556 Sed
278 3495 404 3556 iumenta
422 3503 546 3573 vocant,
570 3505 599 3557 et
619 3493 665 3556 sol
686 3494 817 3564 inclinat:
839 3491 962 3555 eundum
985 3499 1039 3552 est.
