2590 3946
199 243 239 303 74
544 253 579 300 n.
604 251 675 300 run.
699 251 885 300 wunnerus

199 391 316 453 Fortem
338 406 430 469 posce
453 392 592 466 animum,
615 381 851 451 mortis‘terrore
875 401 1031 468 carentem,

199 475 256 550 Qui
276 476 398 554 spatium
427 475 505 534 ritae
530 483 689 534 erasmum
714 475 789 534 inter
813 491 929 536 munera
951 486 1040 554 ponat

198 558 343 633 Naturae,
373 559 421 636 qui
444 558 525 618 ferre
547 566 635 638 queat
660 574 859 637 quoscumque
886 557 1014 635 labores,

198 641 319 702 Nesciat
340 643 444 718 irasci,
468 643 565 720 cupiat
589 641 659 702 nilrll
680 650 710 701 et
732 643 864 720 potiores
1132 653 1187 710 eso

198 723 332 787 llerculis
356 743 508 786 aerumnas
534 725 634 786 credat
660 741 826 804 saevosque
849 726 968 787 labores

197 808 375 869 pevenese
398 819 428 869 et
452 810 552 869 coenis
576 817 605 868 et
628 809 725 886 pluma
750 809 959 889 Sardanapalli.

197 891 328 953 lionstrc
351 893 429 971 quod
451 895 515 972 ipse
537 889 590 953 tibi
616 893 713 972 possis
740 892 825 962 dare;
852 895 953 955 semita
975 895 1057 956 certe

198 974 382 1055 Tranquillas
411 993 464 1055 per
484 977 618 1036 virtutem
641 984 722 1055 patet
743 976 828 1036 unica
851 979 937 1038 vitae.

196 1058 313 1120 Nullum
333 1077 435 1120 numen
457 1060 556 1135 abest,
581 1061 605 1119 si
628 1061 666 1118 sit
683 1059 850 1138 prudentia;
873 1071 980 1122 noste

197 1140 259 1203 Nos
281 1143 419 1220 sacimas,
443 1142 588 1219 Fortuna,
615 1143 699 1204 deam
722 1142 869 1222 coeloque
891 1144 1030 1206 locamus.

598 1332 794 1346 *dh—tuan*—

525 1462 759 1527 SATIRA
789 1462 857 1528 XI..

195 1591 315 1682 Atticus
340 1619 445 1679 eximie
463 1621 490 1680 si
514 1630 636 1697 coenat,
660 1621 754 1682 lautus
776 1621 912 1690 haletum
1009 1659 1010 1662 =

196 1705 227 1768 Si
249 1701 378 1779 Rutilus,
404 1703 534 1764 demens.
568 1703 644 1779 outa
666 1707 742 1766 enim
766 1706 876 1766 maiore
898 1705 1040 1768 cachinno

195 1787 348 1865 Excipitur
372 1786 469 1865 vulgi,
495 1807 580 1868 quam
602 1807 714 1868 pauper
737 1787 879 1868 Apicius?
899 1791 991 1851 omnis

196 1869 370 1946 Convictus,
392 1869 539 1948 thermae,
568 1875 725 1949 stationes,
746 1891 832 1934 omne
854 1873 997 1934 theatrum

195 1954 241 2016 De
267 1952 375 2015 Rutilo.
409 1953 481 2016 Nam
507 1956 573 2016 dum
596 1957 691 2018 valide
716 1975 752 2018 ac
774 1957 920 2018 iuvenalia
941 1959 1071 2020 membra
1169 1975 1185 2025 s
1284 1979 1285 2038 t

197 2039 349 2100 Sufficiunt
376 2038 497 2116 galeae,
525 2040 649 2120 dumque
674 2041 776 2102 ardent
801 2042 957 2119 sanguine,
983 2043 1085 2119 iertur,

195 2120 261 2183 Non
286 2131 411 2199 cogente
435 2123 567 2201 quidem,
592 2124 645 2186 sed
667 2143 724 2186 nec
747 2124 922 2204 prohibente
945 2125 1070 2202 milrnno,

196 2207 364 2285 Scripturas
387 2205 471 2284 leges
498 2217 527 2268 et
553 2210 635 2286 regia
659 2207 750 2270 verba
772 2208 904 2269 lanistae.

195 2288 303 2351 ltiultos
325 2304 414 2368 porro
439 2290 538 2368 vides,
561 2306 637 2371 quos
661 2309 752 2371 saepe
777 2293 877 2352 elusus
903 2292 940 2353 ad
966 2295 1058 2374 ipsum

197 2371 332 2435 creditor
354 2375 499 2435 introitum
523 2375 603 2437 solet
624 2385 800 2455 exspectare
823 2375 951 2453 macelli,
1151 2391 1186 2444 lo

195 2455 233 2517 Et
260 2456 363 2536 quibus
385 2457 414 2516 in
437 2457 501 2520 solo
525 2459 642 2520 vivendi
662 2477 752 2520 causa
775 2459 873 2539 palato
898 2469 953 2520 est.

197 2538 342 2618 Egregius
366 2549 472 2604 coenat
493 2543 656 2622 meliusque
677 2545 853 2604 miserrimus
877 2544 978 2605 lorum

196 2622 233 2683 lit
259 2625 316 2683 cito
342 2641 461 2685 casurus
487 2627 541 2686 iam
563 2627 733 2705 perlucente
761 2629 852 2688 ruina.

195 2706 310 2768 lnterea
333 2717 434 2784 gustus
457 2708 602 2770 elementa
626 2728 681 2788 per
703 2713 797 2772 omnia
819 2718 970 2788 quaerunt,

195 2790 356 2870 Numquam
383 2794 476 2854 animo
498 2795 599 2870 pretiis
626 2793 822 2860 obstantibum
849 2793 969 2852 interius
992 2794 1017 2852 si
1151 2811 1184 2862 15

195 2875 355 2951 Attendas,
377 2878 470 2954 magis
491 2876 541 2938 illa
565 2878 676 2952 iuvant,
701 2894 776 2956 quae
799 2875 890 2954 pluris
913 2884 1053 2937 emuntur.

195 2957 276 3036 Ergo
298 2958 373 3019 haud
398 2959 518 3020 dificile
539 2969 585 3020 est
610 2962 766 3039 perituram
789 2975 944 3019 arcessere
965 2975 1114 3040 summam,

195 3041 337 3103 lancibus
363 3045 507 3122 oppositis
532 3044 581 3106 rel
604 3044 703 3106 matris
726 3044 849 3121 imagine
872 3043 976 3120 iracta,

195 3124 234 3185 Et
260 3127 475 3206 quadringentis
499 3130 618 3190 nummis
644 3128 764 3189 condire
786 3127 922 3204 gulosum

195 3209 315 3271 Fictile:
340 3213 383 3270 sic
406 3213 523 3272 veniunt
550 3213 586 3272 ad
622 3211 798 3274 miscillanea
820 3211 888 3272 ludi.
1147 3225 1185 3278 20

195 3292 299 3354 Refert
325 3311 412 3372 ergo,
435 3297 501 3373 quis
525 3295 600 3356 haec
625 3297 727 3356 eadem
754 3304 852 3374 paret:
876 3295 905 3354 in
928 3293 1026 3355 Rutilo
1050 3312 1114 3357 nam

195 3376 320 3437 Luxuria
345 3387 407 3453 est,
433 3379 461 3438 in
484 3379 619 3440 Ventidio
644 3378 790 3440 laudabile
812 3396 918 3440 nomen

196 3459 286 3520 Sumit
312 3469 341 3521 et
363 3479 379 3522 a
402 3479 491 3524 censu
514 3462 617 3524 lamam
641 3463 736 3524 tralrit.
774 3462 857 3524 lllum
881 3479 938 3540 ego
961 3463 1024 3524 iure
