<?xml version="1.0" encoding="UTF-8"?>
<!DOCTYPE html PUBLIC "-//W3C//DTD XHTML 1.0 Transitional//EN"
    "http://www.w3.org/TR/xhtml1/DTD/xhtml1-transitional.dtd">
<html xmlns="http://www.w3.org/1999/xhtml" xml:lang="en" lang="en">
 <head>
  <title>
</title>
<meta http-equiv="Content-Type" content="text/html;charset=utf-8" />
  <meta name='ocr-system' content='tesseract 3.04.00' />
  <meta name='ocr-capabilities' content='ocr_page ocr_carea ocr_par ocr_line ocrx_word'/>
</head>
<body>
  <div class='ocr_page' id='page_1' title='image "./satirarumlibriq01juvegoog_0116.png"; bbox 0 0 2590 3946; ppageno 0'>
   <div class='ocr_carea' id='block_1_1' title="bbox 508 231 1101 290">
    <p class='ocr_par' dir='ltr' id='par_1_1' title="bbox 508 231 1101 290">
     <span class='ocr_line' id='line_1_1' title="bbox 508 231 1101 290; baseline 0.007 -4"><span class='ocrx_word' id='word_1_1' title='bbox 508 236 634 288; x_wconf 76' lang='lat' dir='ltr'><strong>surius</strong></span> <span class='ocrx_word' id='word_1_2' title='bbox 653 239 704 288; x_wconf 78' lang='lat'><strong>11.</strong></span> <span class='ocrx_word' id='word_1_3' title='bbox 1062 231 1101 290; x_wconf 78' lang='lat'><strong>79</strong></span> 
     </span>
    </p>
   </div>
   <div class='ocr_carea' id='block_1_2' title="bbox 115 376 1102 1959">
    <p class='ocr_par' dir='ltr' id='par_1_2' title="bbox 115 376 1102 1959">
     <span class='ocr_line' id='line_1_2' title="bbox 118 376 975 458; baseline 0 -20"><span class='ocrx_word' id='word_1_4' title='bbox 118 377 249 456; x_wconf 86' lang='lat' dir='ltr'><strong>Namque</strong></span> <span class='ocrx_word' id='word_1_5' title='bbox 273 377 311 436; x_wconf 87' lang='lat' dir='ltr'><strong>ibi</strong></span> <span class='ocrx_word' id='word_1_6' title='bbox 333 376 466 436; x_wconf 82' lang='lat' dir='ltr'><strong>fortunae</strong></span> <span class='ocrx_word' id='word_1_7' title='bbox 490 376 604 437; x_wconf 87' lang='lat' dir='ltr'><strong>renium</strong></span> <span class='ocrx_word' id='word_1_8' title='bbox 628 376 737 439; x_wconf 86' lang='lat' dir='ltr'><strong>damus.</strong></span> <span class='ocrx_word' id='word_1_9' title='bbox 778 377 853 437; x_wconf 79' lang='lat' dir='ltr'><strong>Ales</strong></span> <span class='ocrx_word' id='word_1_10' title='bbox 873 381 975 458; x_wconf 88' lang='lat' dir='ltr'><strong>turpis,</strong></span> 
     </span>
     <span class='ocr_line' id='line_1_3' title="bbox 118 459 991 540; baseline 0.003 -20"><span class='ocrx_word' id='word_1_11' title='bbox 118 459 216 540; x_wconf 77' lang='lat' dir='ltr'><strong>&#39;l&#39;urpe</strong></span> <span class='ocrx_word' id='word_1_12' title='bbox 238 469 267 520; x_wconf 87' lang='lat' dir='ltr'><strong>et</strong></span> <span class='ocrx_word' id='word_1_13' title='bbox 291 459 461 522; x_wconf 73' lang='lat' dir='ltr'><strong>adulterium</strong></span> <span class='ocrx_word' id='word_1_14' title='bbox 485 459 695 530; x_wconf 85' lang='lat' dir='ltr'><strong>medioeribus;</strong></span> <span class='ocrx_word' id='word_1_15' title='bbox 722 461 798 522; x_wconf 87' lang='lat' dir='ltr'><strong>haee</strong></span> <span class='ocrx_word' id='word_1_16' title='bbox 823 461 925 522; x_wconf 88' lang='lat' dir='ltr'><strong>eadem</strong></span> <span class='ocrx_word' id='word_1_17' title='bbox 949 463 991 523; x_wconf 92' lang='lat' dir='ltr'><strong>illi</strong></span> 
     </span>
     <span class='ocr_line' id='line_1_4' title="bbox 118 535 949 623; baseline 0.001 -19"><span class='ocrx_word' id='word_1_18' title='bbox 118 543 218 604; x_wconf 87' lang='lat' dir='ltr'><strong>Omnia</strong></span> <span class='ocrx_word' id='word_1_19' title='bbox 243 560 329 622; x_wconf 87' lang='lat' dir='ltr'><strong>quum</strong></span> <span class='ocrx_word' id='word_1_20' title='bbox 355 535 481 618; x_wconf 63' lang='lat' dir='ltr'><strong>faciunt}</strong></span> <span class='ocrx_word' id='word_1_21' title='bbox 505 542 614 604; x_wconf 80' lang='lat' dir='ltr'>hilares</span> <span class='ocrx_word' id='word_1_22' title='bbox 638 545 777 623; x_wconf 88' lang='lat' dir='ltr'><strong>nitidique</strong></span> <span class='ocrx_word' id='word_1_23' title='bbox 800 554 949 605; x_wconf 81' lang='lat' dir='ltr'><strong>vocantur.</strong></span> 
     </span>
     <span class='ocr_line' id='line_1_5' title="bbox 117 624 852 689; baseline 0 -2"><span class='ocrx_word' id='word_1_24' title='bbox 117 626 224 687; x_wconf 86' lang='lat' dir='ltr'><strong>Nostra</strong></span> <span class='ocrx_word' id='word_1_25' title='bbox 251 625 359 686; x_wconf 88' lang='lat' dir='ltr'><strong>dabunt</strong></span> <span class='ocrx_word' id='word_1_26' title='bbox 383 624 459 687; x_wconf 90' lang='lat' dir='ltr'><strong>alios</strong></span> <span class='ocrx_word' id='word_1_27' title='bbox 480 625 568 687; x_wconf 88' lang='lat' dir='ltr'><strong>hodie</strong></span> <span class='ocrx_word' id='word_1_28' title='bbox 592 627 724 688; x_wconf 75' lang='lat' dir='ltr'><strong>ooumvia</strong></span> <span class='ocrx_word' id='word_1_29' title='bbox 749 627 852 689; x_wconf 90' lang='lat' dir='ltr'><strong>ludos:</strong></span> 
     </span>
     <span class='ocr_line' id='line_1_6' title="bbox 118 708 1102 790; baseline 0 -20"><span class='ocrx_word' id='word_1_30' title='bbox 118 709 258 771; x_wconf 83' lang='lat' dir='ltr'><strong>Conditor</strong></span> <span class='ocrx_word' id='word_1_31' title='bbox 279 708 387 769; x_wconf 88' lang='lat' dir='ltr'><strong>lliados</strong></span> <span class='ocrx_word' id='word_1_32' title='bbox 411 709 572 770; x_wconf 75' lang='lat' dir='ltr'><strong>cantabitur</strong></span> <span class='ocrx_word' id='word_1_33' title='bbox 594 720 681 790; x_wconf 79' lang='lat' dir='ltr'><strong>atoue</strong></span> <span class='ocrx_word' id='word_1_34' title='bbox 702 710 830 772; x_wconf 75' lang='lat' dir='ltr'><strong>Maronis</strong></span> <span class='ocrx_word' id='word_1_35' title='bbox 1053 723 1102 778; x_wconf 71' lang='lat' dir='ltr'><strong>leo</strong></span> 
     </span>
     <span class='ocr_line' id='line_1_7' title="bbox 116 792 900 874; baseline -0.005 -19"><span class='ocrx_word' id='word_1_36' title='bbox 116 795 243 855; x_wconf 81' lang='lat' dir='ltr'><strong>Altisoni</strong></span> <span class='ocrx_word' id='word_1_37' title='bbox 268 792 381 854; x_wconf 87' lang='lat' dir='ltr'><strong>dubium</strong></span> <span class='ocrx_word' id='word_1_38' title='bbox 402 792 539 854; x_wconf 75' lang='lat' dir='ltr'><strong>inolentis</strong></span> <span class='ocrx_word' id='word_1_39' title='bbox 560 796 685 854; x_wconf 77' lang='lat' dir='ltr'><strong>earmina</strong></span> <span class='ocrx_word' id='word_1_40' title='bbox 709 795 841 874; x_wconf 73' lang='lat' dir='ltr'><strong>palmam.</strong></span> <span class='ocrx_word' id='word_1_41' title='bbox 895 841 900 851; x_wconf 90' lang='lat'>.</span> 
     </span>
     <span class='ocr_line' id='line_1_8' title="bbox 117 873 911 957; baseline 0.001 -21"><span class='ocrx_word' id='word_1_42' title='bbox 117 878 193 952; x_wconf 83' lang='lat' dir='ltr'><strong>Quid</strong></span> <span class='ocrx_word' id='word_1_43' title='bbox 214 877 320 952; x_wconf 84' lang='lat' dir='ltr'><strong>refert,</strong></span> <span class='ocrx_word' id='word_1_44' title='bbox 343 877 418 938; x_wconf 83' lang='lat' dir='ltr'><strong>talos</strong></span> <span class='ocrx_word' id='word_1_45' title='bbox 446 895 550 940; x_wconf 86' lang='lat' dir='ltr'><strong>versus</strong></span> <span class='ocrx_word' id='word_1_46' title='bbox 577 896 633 957; x_wconf 81' lang='lat' dir='ltr'><strong>qua</strong></span> <span class='ocrx_word' id='word_1_47' title='bbox 658 895 734 939; x_wconf 83' lang='lat' dir='ltr'><strong>voce</strong></span> <span class='ocrx_word' id='word_1_48' title='bbox 758 873 911 956; x_wconf 76' lang='lat' dir='ltr'><strong>legantur?</strong></span> 
     </span>
     <span class='ocr_line' id='line_1_9' title="bbox 159 959 803 1040; baseline 0 -19"><span class='ocrx_word' id='word_1_49' title='bbox 159 959 219 1021; x_wconf 87' lang='lat' dir='ltr'><strong>Sed</strong></span> <span class='ocrx_word' id='word_1_50' title='bbox 242 979 317 1022; x_wconf 84' lang='lat' dir='ltr'><strong>nuno</strong></span> <span class='ocrx_word' id='word_1_51' title='bbox 341 959 437 1022; x_wconf 90' lang='lat' dir='ltr'><strong>dilatis</strong></span> <span class='ocrx_word' id='word_1_52' title='bbox 459 970 559 1022; x_wconf 87' lang='lat' dir='ltr'><strong>averte</strong></span> <span class='ocrx_word' id='word_1_53' title='bbox 581 963 700 1040; x_wconf 66' lang='lat' dir='ltr'><strong>negotia</strong></span> <span class='ocrx_word' id='word_1_54' title='bbox 726 965 803 1022; x_wconf 82' lang='lat' dir='ltr'><strong>euris</strong></span> 
     </span>
     <span class='ocr_line' id='line_1_10' title="bbox 116 1043 894 1124; baseline 0.003 -20"><span class='ocrx_word' id='word_1_55' title='bbox 116 1043 155 1104; x_wconf 77' lang='lat' dir='ltr'><strong>m</strong></span> <span class='ocrx_word' id='word_1_56' title='bbox 179 1052 290 1121; x_wconf 72' lang='lat' dir='ltr'><strong>gratam</strong></span> <span class='ocrx_word' id='word_1_57' title='bbox 312 1045 443 1123; x_wconf 75' lang='lat' dir='ltr'><strong>requiem</strong></span> <span class='ocrx_word' id='word_1_58' title='bbox 469 1044 546 1104; x_wconf 85' lang='lat' dir='ltr'><strong>dona</strong></span> <span class='ocrx_word' id='word_1_59' title='bbox 561 1044 627 1120; x_wconf 74' lang='lat' dir='ltr'><strong>tilii,</strong></span> <span class='ocrx_word' id='word_1_60' title='bbox 654 1045 771 1124; x_wconf 74' lang='lat' dir='ltr'><strong>qnando</strong></span> <span class='ocrx_word' id='word_1_61' title='bbox 792 1044 894 1106; x_wconf 76' lang='lat' dir='ltr'><strong>linoltit</strong></span> 
     </span>
     <span class='ocr_line' id='line_1_11' title="bbox 117 1127 1099 1196; baseline 0 -8"><span class='ocrx_word' id='word_1_62' title='bbox 117 1127 173 1188; x_wconf 87' lang='lat' dir='ltr'><strong>Per</strong></span> <span class='ocrx_word' id='word_1_63' title='bbox 194 1136 285 1187; x_wconf 87' lang='lat' dir='ltr'><strong>totum</strong></span> <span class='ocrx_word' id='word_1_64' title='bbox 310 1145 428 1189; x_wconf 79' lang='lat' dir='ltr'><strong>cessure</strong></span> <span class='ocrx_word' id='word_1_65' title='bbox 451 1127 543 1196; x_wconf 88' lang='lat' dir='ltr'><strong>diem;</strong></span> <span class='ocrx_word' id='word_1_66' title='bbox 568 1145 626 1188; x_wconf 90' lang='lat' dir='ltr'><strong>non</strong></span> <span class='ocrx_word' id='word_1_67' title='bbox 645 1129 756 1189; x_wconf 81' lang='lat' dir='ltr'><strong>fenoris</strong></span> <span class='ocrx_word' id='word_1_68' title='bbox 782 1127 843 1188; x_wconf 90' lang='lat' dir='ltr'><strong>ulla</strong></span> <span class='ocrx_word' id='word_1_69' title='bbox 1051 1141 1099 1196; x_wconf 79' lang='lat'><strong>185</strong></span> 
     </span>
     <span class='ocr_line' id='line_1_12' title="bbox 116 1211 855 1290; baseline 0 -18"><span class='ocrx_word' id='word_1_70' title='bbox 116 1211 225 1272; x_wconf 84' lang='lat' dir='ltr'><strong>Mentio</strong></span> <span class='ocrx_word' id='word_1_71' title='bbox 248 1228 320 1288; x_wconf 85' lang='lat' dir='ltr'><strong>nee,</strong></span> <span class='ocrx_word' id='word_1_72' title='bbox 348 1211 439 1289; x_wconf 86' lang='lat' dir='ltr'><strong>prims</strong></span> <span class='ocrx_word' id='word_1_73' title='bbox 462 1213 487 1271; x_wconf 90' lang='lat' dir='ltr'><strong>si</strong></span> <span class='ocrx_word' id='word_1_74' title='bbox 509 1211 576 1272; x_wconf 90' lang='lat' dir='ltr'><strong>luea</strong></span> <span class='ocrx_word' id='word_1_75' title='bbox 602 1230 724 1290; x_wconf 68' lang='lat' dir='ltr'><strong>egressa</strong></span> <span class='ocrx_word' id='word_1_76' title='bbox 746 1215 855 1272; x_wconf 76' lang='lat' dir='ltr'><strong>reverti</strong></span> 
     </span>
     <span class='ocr_line' id='line_1_13' title="bbox 116 1293 904 1372; baseline 0.001 -18"><span class='ocrx_word' id='word_1_77' title='bbox 116 1294 211 1354; x_wconf 84' lang='lat' dir='ltr'><strong>Nocte</strong></span> <span class='ocrx_word' id='word_1_78' title='bbox 233 1293 325 1371; x_wconf 89' lang='lat' dir='ltr'><strong>solet,</strong></span> <span class='ocrx_word' id='word_1_79' title='bbox 351 1296 440 1356; x_wconf 86' lang='lat' dir='ltr'><strong>tacito</strong></span> <span class='ocrx_word' id='word_1_80' title='bbox 463 1294 550 1356; x_wconf 85' lang='lat' dir='ltr'><strong>bilem</strong></span> <span class='ocrx_word' id='word_1_81' title='bbox 573 1295 624 1357; x_wconf 88' lang='lat' dir='ltr'><strong>tibi</strong></span> <span class='ocrx_word' id='word_1_82' title='bbox 648 1295 904 1372; x_wconf 68' lang='lat' dir='ltr'><strong>ementatum,</strong></span> 
     </span>
     <span class='ocr_line' id='line_1_14' title="bbox 116 1377 818 1458; baseline 0.003 -20"><span class='ocrx_word' id='word_1_83' title='bbox 116 1377 237 1439; x_wconf 86' lang='lat' dir='ltr'><strong>Humida</strong></span> <span class='ocrx_word' id='word_1_84' title='bbox 259 1380 405 1458; x_wconf 81' lang='lat' dir='ltr'><strong>suspectis</strong></span> <span class='ocrx_word' id='word_1_85' title='bbox 429 1379 564 1441; x_wconf 78' lang='lat' dir='ltr'><strong>referens</strong></span> <span class='ocrx_word' id='word_1_86' title='bbox 588 1379 715 1440; x_wconf 86' lang='lat' dir='ltr'><strong>multioia</strong></span> <span class='ocrx_word' id='word_1_87' title='bbox 738 1380 818 1457; x_wconf 78' lang='lat' dir='ltr'><strong>rugis</strong></span> 
     </span>
     <span class='ocr_line' id='line_1_15' title="bbox 115 1462 973 1542; baseline 0.001 -21"><span class='ocrx_word' id='word_1_88' title='bbox 115 1462 304 1540; x_wconf 78' lang='lat' dir='ltr'><strong>Venetaeque</strong></span> <span class='ocrx_word' id='word_1_89' title='bbox 330 1477 428 1523; x_wconf 79' lang='lat' dir='ltr'><strong>eomas</strong></span> <span class='ocrx_word' id='word_1_90' title='bbox 458 1473 487 1522; x_wconf 88' lang='lat' dir='ltr'><strong>et</strong></span> <span class='ocrx_word' id='word_1_91' title='bbox 509 1463 618 1523; x_wconf 89' lang='lat' dir='ltr'><strong>vultum</strong></span> <span class='ocrx_word' id='word_1_92' title='bbox 640 1481 797 1542; x_wconf 69' lang='lat' dir='ltr'><strong>aaronque</strong></span> <span class='ocrx_word' id='word_1_93' title='bbox 821 1462 973 1525; x_wconf 87' lang='lat' dir='ltr'><strong>oalentem.</strong></span> 
     </span>
     <span class='ocr_line' id='line_1_16' title="bbox 116 1545 1099 1626; baseline 0.008 -20"><span class='ocrx_word' id='word_1_94' title='bbox 116 1545 249 1606; x_wconf 74' lang='lat' dir='ltr'><strong>Protinus</strong></span> <span class='ocrx_word' id='word_1_95' title='bbox 272 1553 338 1605; x_wconf 85' lang='lat' dir='ltr'><strong>ante</strong></span> <span class='ocrx_word' id='word_1_96' title='bbox 361 1564 455 1606; x_wconf 80' lang='lat' dir='ltr'><strong>meum</strong></span> <span class='ocrx_word' id='word_1_97' title='bbox 476 1547 614 1626; x_wconf 81' lang='lat' dir='ltr'><strong>quidquid</strong></span> <span class='ocrx_word' id='word_1_98' title='bbox 640 1547 719 1609; x_wconf 90' lang='lat' dir='ltr'><strong>dolet</strong></span> <span class='ocrx_word' id='word_1_99' title='bbox 741 1565 817 1608; x_wconf 84' lang='lat' dir='ltr'><strong>exue</strong></span> <span class='ocrx_word' id='word_1_100' title='bbox 838 1547 935 1623; x_wconf 83' lang='lat' dir='ltr'><strong>limen,</strong></span> <span class='ocrx_word' id='word_1_101' title='bbox 1047 1559 1099 1613; x_wconf 79' lang='lat'><strong>190</strong></span> 
     </span>
     <span class='ocr_line' id='line_1_17' title="bbox 116 1627 973 1710; baseline 0.004 -21"><span class='ocrx_word' id='word_1_102' title='bbox 116 1629 196 1689; x_wconf 86' lang='lat' dir='ltr'><strong>Pone</strong></span> <span class='ocrx_word' id='word_1_103' title='bbox 216 1627 329 1689; x_wconf 93' lang='lat' dir='ltr'><strong>domum</strong></span> <span class='ocrx_word' id='word_1_104' title='bbox 352 1639 382 1689; x_wconf 89' lang='lat' dir='ltr'><strong>et</strong></span> <span class='ocrx_word' id='word_1_105' title='bbox 405 1648 510 1690; x_wconf 86' lang='lat' dir='ltr'><strong>servos</strong></span> <span class='ocrx_word' id='word_1_106' title='bbox 534 1640 565 1691; x_wconf 83' lang='lat' dir='ltr'><strong>et</strong></span> <span class='ocrx_word' id='word_1_107' title='bbox 588 1631 729 1710; x_wconf 85' lang='lat' dir='ltr'><strong>quidquid</strong></span> <span class='ocrx_word' id='word_1_108' title='bbox 750 1631 892 1708; x_wconf 76' lang='lat' dir='ltr'><strong>irangitur</strong></span> <span class='ocrx_word' id='word_1_109' title='bbox 915 1631 973 1692; x_wconf 88' lang='lat' dir='ltr'><strong>illis</strong></span> 
     </span>
     <span class='ocr_line' id='line_1_18' title="bbox 116 1712 904 1794; baseline 0 -22"><span class='ocrx_word' id='word_1_110' title='bbox 116 1712 175 1772; x_wconf 79' lang='lat' dir='ltr'><strong>Aut</strong></span> <span class='ocrx_word' id='word_1_111' title='bbox 196 1713 287 1790; x_wconf 87' lang='lat' dir='ltr'><strong>perit;</strong></span> <span class='ocrx_word' id='word_1_112' title='bbox 314 1713 444 1790; x_wconf 79' lang='lat' dir='ltr'><strong>ingratos</strong></span> <span class='ocrx_word' id='word_1_113' title='bbox 466 1723 532 1774; x_wconf 87' lang='lat' dir='ltr'><strong>ante</strong></span> <span class='ocrx_word' id='word_1_114' title='bbox 557 1716 651 1774; x_wconf 82' lang='lat' dir='ltr'><strong>omnia</strong></span> <span class='ocrx_word' id='word_1_115' title='bbox 673 1733 751 1794; x_wconf 87' lang='lat' dir='ltr'><strong>pone</strong></span> <span class='ocrx_word' id='word_1_116' title='bbox 777 1715 904 1774; x_wconf 88' lang='lat' dir='ltr'><strong>sodales.</strong></span> 
     </span>
     <span class='ocr_line' id='line_1_19' title="bbox 116 1794 811 1876; baseline 0 -20"><span class='ocrx_word' id='word_1_117' title='bbox 116 1796 231 1856; x_wconf 79' lang='lat' dir='ltr'><strong>luteres</strong></span> <span class='ocrx_word' id='word_1_118' title='bbox 253 1794 473 1871; x_wconf 80' lang='lat' dir='ltr'><strong>Megalesiaoae</strong></span> <span class='ocrx_word' id='word_1_119' title='bbox 495 1797 668 1875; x_wconf 77' lang='lat' dir='ltr'><strong>spectacula·</strong></span> <span class='ocrx_word' id='word_1_120' title='bbox 687 1814 811 1876; x_wconf 82' lang='lat' dir='ltr'><strong>mappae</strong></span> 
     </span>
     <span class='ocr_line' id='line_1_20' title="bbox 116 1875 895 1959; baseline 0 -21"><span class='ocrx_word' id='word_1_121' title='bbox 116 1875 233 1939; x_wconf 87' lang='lat' dir='ltr'><strong>Idaeum</strong></span> <span class='ocrx_word' id='word_1_122' title='bbox 258 1879 400 1939; x_wconf 88' lang='lat' dir='ltr'><strong>sollemne</strong></span> <span class='ocrx_word' id='word_1_123' title='bbox 425 1879 541 1955; x_wconf 80' lang='lat' dir='ltr'><strong>colunt,</strong></span> <span class='ocrx_word' id='word_1_124' title='bbox 567 1880 727 1959; x_wconf 78' lang='lat' dir='ltr'><strong>similisque</strong></span> <span class='ocrx_word' id='word_1_125' title='bbox 750 1879 895 1958; x_wconf 78' lang='lat' dir='ltr'><strong>triumpho</strong></span> 
     </span>
    </p>
   </div>
   <div class='ocr_carea' id='block_1_3' title="bbox 8 1955 1098 2043">
    <p class='ocr_par' dir='ltr' id='par_1_3' title="bbox 8 1955 1098 2043">
     <span class='ocr_line' id='line_1_21' title="bbox 8 1955 1098 2043; baseline 0.006 -22"><span class='ocrx_word' id='word_1_126' title='bbox 8 1955 9 1976; x_wconf 62' lang='lat'><em>³</em></span> <span class='ocrx_word' id='word_1_127' title='bbox 115 1963 227 2023; x_wconf 86' lang='lat' dir='ltr'><strong>Praeda</strong></span> <span class='ocrx_word' id='word_1_128' title='bbox 249 1961 427 2024; x_wconf 78' lang='lat' dir='ltr'><strong>caballorum</strong></span> <span class='ocrx_word' id='word_1_129' title='bbox 450 1971 570 2043; x_wconf 86' lang='lat' dir='ltr'><strong>praetor</strong></span> <span class='ocrx_word' id='word_1_130' title='bbox 591 1963 675 2024; x_wconf 86' lang='lat' dir='ltr'><strong>sedet</strong></span> <span class='ocrx_word' id='word_1_131' title='bbox 696 1982 746 2039; x_wconf 83' lang='lat' dir='ltr'><strong>ao,</strong></span> <span class='ocrx_word' id='word_1_132' title='bbox 772 1963 840 2022; x_wconf 82' lang='lat' dir='ltr'><strong>milli</strong></span> <span class='ocrx_word' id='word_1_133' title='bbox 863 1981 937 2042; x_wconf 84' lang='lat' dir='ltr'><strong>puae</strong></span> <span class='ocrx_word' id='word_1_134' title='bbox 1047 1975 1098 2030; x_wconf 77' lang='lat'><strong>195</strong></span> 
     </span>
    </p>
   </div>
   <div class='ocr_carea' id='block_1_4' title="bbox 115 2046 1098 3128">
    <p class='ocr_par' dir='ltr' id='par_1_4' title="bbox 116 2046 852 2127">
     <span class='ocr_line' id='line_1_22' title="bbox 116 2046 852 2127; baseline -0.003 -21"><span class='ocrx_word' id='word_1_135' title='bbox 116 2046 276 2107; x_wconf 84' lang='lat' dir='ltr'><strong>Immensae</strong></span> <span class='ocrx_word' id='word_1_136' title='bbox 300 2047 462 2127; x_wconf 86' lang='lat' dir='ltr'><strong>nimiaeque</strong></span> <span class='ocrx_word' id='word_1_137' title='bbox 488 2047 560 2108; x_wconf 83' lang='lat' dir='ltr'><strong>lieet</strong></span> <span class='ocrx_word' id='word_1_138' title='bbox 577 2049 603 2107; x_wconf 94' lang='lat' dir='ltr'><strong>si</strong></span> <span class='ocrx_word' id='word_1_139' title='bbox 623 2047 722 2108; x_wconf 87' lang='lat' dir='ltr'><strong>dioere</strong></span> <span class='ocrx_word' id='word_1_140' title='bbox 745 2046 852 2126; x_wconf 84' lang='lat' dir='ltr'><strong>plebis,</strong></span> 
     </span>
    </p>

    <p class='ocr_par' dir='ltr' id='par_1_5' title="bbox 116 2129 982 2295">
     <span class='ocr_line' id='line_1_23' title="bbox 116 2129 982 2210; baseline -0.001 -19"><span class='ocrx_word' id='word_1_141' title='bbox 116 2129 219 2191; x_wconf 85' lang='lat' dir='ltr'><strong>&#39;lotam</strong></span> <span class='ocrx_word' id='word_1_142' title='bbox 242 2129 330 2190; x_wconf 90' lang='lat' dir='ltr'><strong>hodie</strong></span> <span class='ocrx_word' id='word_1_143' title='bbox 351 2129 470 2191; x_wconf 82' lang='lat' dir='ltr'><strong>Romam</strong></span> <span class='ocrx_word' id='word_1_144' title='bbox 493 2133 587 2192; x_wconf 85' lang='lat' dir='ltr'><strong>oireus</strong></span> <span class='ocrx_word' id='word_1_145' title='bbox 611 2131 688 2210; x_wconf 70' lang='lat' dir='ltr'><strong>eupit</strong></span> <span class='ocrx_word' id='word_1_146' title='bbox 711 2140 740 2191; x_wconf 88' lang='lat' dir='ltr'><strong>et</strong></span> <span class='ocrx_word' id='word_1_147' title='bbox 758 2133 859 2208; x_wconf 73' lang='lat' dir='ltr'><strong>fragor</strong></span> <span class='ocrx_word' id='word_1_148' title='bbox 880 2149 982 2191; x_wconf 86' lang='lat' dir='ltr'><strong>aurem</strong></span> 
     </span>
     <span class='ocr_line' id='line_1_24' title="bbox 116 2214 882 2295; baseline -0.003 -21"><span class='ocrx_word' id='word_1_149' title='bbox 116 2214 259 2289; x_wconf 86' lang='lat' dir='ltr'><strong>Peroutit,</strong></span> <span class='ocrx_word' id='word_1_150' title='bbox 287 2223 419 2274; x_wconf 87' lang='lat' dir='ltr'><strong>eventum</strong></span> <span class='ocrx_word' id='word_1_151' title='bbox 442 2215 541 2276; x_wconf 81' lang='lat' dir='ltr'><strong>uiridis</strong></span> <span class='ocrx_word' id='word_1_152' title='bbox 558 2233 626 2295; x_wconf 65' lang='lat' dir='ltr'><strong>uuo</strong></span> <span class='ocrx_word' id='word_1_153' title='bbox 653 2215 763 2293; x_wconf 73' lang='lat' dir='ltr'><strong>colligo</strong></span> <span class='ocrx_word' id='word_1_154' title='bbox 786 2215 882 2294; x_wconf 86' lang='lat' dir='ltr'><strong>parui.</strong></span> 
     </span>
    </p>

    <p class='ocr_par' dir='ltr' id='par_1_6' title="bbox 115 2295 947 2378">
     <span class='ocr_line' id='line_1_25' title="bbox 115 2295 947 2378; baseline 0.002 -23"><span class='ocrx_word' id='word_1_155' title='bbox 115 2295 188 2356; x_wconf 87' lang='lat' dir='ltr'><strong>Num</strong></span> <span class='ocrx_word' id='word_1_156' title='bbox 210 2299 235 2356; x_wconf 92' lang='lat' dir='ltr'><strong>si</strong></span> <span class='ocrx_word' id='word_1_157' title='bbox 259 2297 414 2374; x_wconf 83' lang='lat' dir='ltr'><strong>deiiceret,</strong></span> <span class='ocrx_word' id='word_1_158' title='bbox 442 2308 580 2360; x_wconf 83' lang='lat' dir='ltr'><strong>maestam</strong></span> <span class='ocrx_word' id='word_1_159' title='bbox 605 2302 811 2378; x_wconf 84' lang='lat' dir='ltr'><strong>attonitumque</strong></span> <span class='ocrx_word' id='word_1_160' title='bbox 831 2299 947 2358; x_wconf 81' lang='lat' dir='ltr'><strong>uideres</strong></span> 
     </span>
    </p>

    <p class='ocr_par' dir='ltr' id='par_1_7' title="bbox 115 2380 1098 2628">
     <span class='ocr_line' id='line_1_26' title="bbox 115 2380 1098 2460; baseline 0.003 -19"><span class='ocrx_word' id='word_1_161' title='bbox 115 2380 196 2441; x_wconf 83' lang='lat' dir='ltr'><strong>Hane</strong></span> <span class='ocrx_word' id='word_1_162' title='bbox 220 2380 338 2456; x_wconf 85' lang='lat' dir='ltr'><strong>urbem,</strong></span> <span class='ocrx_word' id='word_1_163' title='bbox 363 2381 454 2442; x_wconf 86' lang='lat' dir='ltr'><strong>veluti</strong></span> <span class='ocrx_word' id='word_1_164' title='bbox 479 2381 638 2444; x_wconf 64' lang='lat' dir='ltr'><strong>(lanarum</strong></span> <span class='ocrx_word' id='word_1_165' title='bbox 659 2386 688 2443; x_wconf 90' lang='lat' dir='ltr'><strong>iu</strong></span> <span class='ocrx_word' id='word_1_166' title='bbox 708 2382 830 2460; x_wconf 85' lang='lat' dir='ltr'><strong>pulvere</strong></span> <span class='ocrx_word' id='word_1_167' title='bbox 855 2382 940 2442; x_wconf 84' lang='lat' dir='ltr'><strong>vietis</strong></span> <span class='ocrx_word' id='word_1_168' title='bbox 1046 2393 1098 2444; x_wconf 77' lang='lat'><strong>200</strong></span> 
     </span>
     <span class='ocr_line' id='line_1_27' title="bbox 117 2461 1043 2545; baseline 0 -21"><span class='ocrx_word' id='word_1_169' title='bbox 117 2461 303 2526; x_wconf 80' lang='lat' dir='ltr'><strong>consulibus.</strong></span> <span class='ocrx_word' id='word_1_170' title='bbox 342 2465 482 2543; x_wconf 73' lang='lat' dir='ltr'><strong>Spectant</strong></span> <span class='ocrx_word' id='word_1_171' title='bbox 504 2467 641 2542; x_wconf 76' lang='lat' dir='ltr'><strong>iuuenes,</strong></span> <span class='ocrx_word' id='word_1_172' title='bbox 667 2484 741 2545; x_wconf 79' lang='lat' dir='ltr'><strong>quos</strong></span> <span class='ocrx_word' id='word_1_173' title='bbox 766 2466 875 2527; x_wconf 84' lang='lat' dir='ltr'><strong>olsmor</strong></span> <span class='ocrx_word' id='word_1_174' title='bbox 898 2473 928 2524; x_wconf 88' lang='lat' dir='ltr'><strong>et</strong></span> <span class='ocrx_word' id='word_1_175' title='bbox 950 2465 1043 2525; x_wconf 78' lang='lat' dir='ltr'><strong>midan</strong></span> 
     </span>
     <span class='ocr_line' id='line_1_28' title="bbox 116 2548 920 2628; baseline 0 -20"><span class='ocrx_word' id='word_1_176' title='bbox 116 2549 260 2626; x_wconf 84' lang='lat' dir='ltr'><strong>Sponsto,</strong></span> <span class='ocrx_word' id='word_1_177' title='bbox 286 2565 360 2626; x_wconf 83' lang='lat' dir='ltr'><strong>quos</strong></span> <span class='ocrx_word' id='word_1_178' title='bbox 386 2549 483 2608; x_wconf 86' lang='lat' dir='ltr'><strong>oultae</strong></span> <span class='ocrx_word' id='word_1_179' title='bbox 504 2548 590 2610; x_wconf 85' lang='lat' dir='ltr'><strong>deest</strong></span> <span class='ocrx_word' id='word_1_180' title='bbox 615 2551 764 2610; x_wconf 80' lang='lat' dir='ltr'><strong>assedisse</strong></span> <span class='ocrx_word' id='word_1_181' title='bbox 787 2549 920 2628; x_wconf 83' lang='lat' dir='ltr'><strong>puellae;</strong></span> 
     </span>
    </p>

    <p class='ocr_par' dir='ltr' id='par_1_8' title="bbox 115 2630 904 2794">
     <span class='ocr_line' id='line_1_29' title="bbox 115 2630 904 2694; baseline 0.003 -4"><span class='ocrx_word' id='word_1_182' title='bbox 115 2630 223 2692; x_wconf 87' lang='lat' dir='ltr'><strong>Nostra</strong></span> <span class='ocrx_word' id='word_1_183' title='bbox 248 2631 328 2692; x_wconf 87' lang='lat' dir='ltr'><strong>bibat</strong></span> <span class='ocrx_word' id='word_1_184' title='bbox 349 2650 468 2692; x_wconf 77' lang='lat' dir='ltr'><strong>verum</strong></span> <span class='ocrx_word' id='word_1_185' title='bbox 494 2643 643 2694; x_wconf 81' lang='lat' dir='ltr'><strong>eontraote</strong></span> <span class='ocrx_word' id='word_1_186' title='bbox 663 2633 788 2694; x_wconf 86' lang='lat' dir='ltr'><strong>outioula</strong></span> <span class='ocrx_word' id='word_1_187' title='bbox 811 2633 904 2694; x_wconf 83' lang='lat' dir='ltr'><strong>solem</strong></span> 
     </span>
     <span class='ocr_line' id='line_1_30' title="bbox 115 2713 904 2794; baseline 0.004 -21"><span class='ocrx_word' id='word_1_188' title='bbox 115 2713 302 2794; x_wconf 77' lang='lat' dir='ltr'><strong>Effugiatque</strong></span> <span class='ocrx_word' id='word_1_189' title='bbox 328 2725 435 2793; x_wconf 74' lang='lat' dir='ltr'><strong>togam.</strong></span> <span class='ocrx_word' id='word_1_190' title='bbox 472 2715 531 2778; x_wconf 89' lang='lat' dir='ltr'><strong>lam</strong></span> <span class='ocrx_word' id='word_1_191' title='bbox 554 2735 629 2778; x_wconf 85' lang='lat' dir='ltr'><strong>nuno</strong></span> <span class='ocrx_word' id='word_1_192' title='bbox 649 2718 678 2778; x_wconf 91' lang='lat' dir='ltr'><strong>in</strong></span> <span class='ocrx_word' id='word_1_193' title='bbox 698 2717 803 2782; x_wconf 74' lang='lat' dir='ltr'><strong>balnea</strong></span> <span class='ocrx_word' id='word_1_194' title='bbox 823 2717 904 2778; x_wconf 84' lang='lat' dir='ltr'><strong>salva</strong></span> 
     </span>
    </p>

    <p class='ocr_par' dir='ltr' id='par_1_9' title="bbox 115 2797 1097 3048">
     <span class='ocr_line' id='line_1_31' title="bbox 115 2797 1097 2882; baseline 0.007 -25"><span class='ocrx_word' id='word_1_195' title='bbox 115 2797 223 2859; x_wconf 82' lang='lat' dir='ltr'><strong>Fronte</strong></span> <span class='ocrx_word' id='word_1_196' title='bbox 247 2800 317 2860; x_wconf 87' lang='lat' dir='ltr'><strong>lieet</strong></span> <span class='ocrx_word' id='word_1_197' title='bbox 338 2801 446 2877; x_wconf 86' lang='lat' dir='ltr'><strong>vadas,</strong></span> <span class='ocrx_word' id='word_1_198' title='bbox 471 2819 641 2882; x_wconf 80' lang='lat' dir='ltr'><strong>quamquam</strong></span> <span class='ocrx_word' id='word_1_199' title='bbox 663 2801 757 2862; x_wconf 80' lang='lat' dir='ltr'><strong>solide</strong></span> <span class='ocrx_word' id='word_1_200' title='bbox 781 2801 854 2862; x_wconf 86' lang='lat' dir='ltr'><strong>hora</strong></span> <span class='ocrx_word' id='word_1_201' title='bbox 878 2801 1004 2879; x_wconf 85' lang='lat' dir='ltr'><strong>supersit</strong></span> <span class='ocrx_word' id='word_1_202' title='bbox 1046 2811 1097 2864; x_wconf 71' lang='lat' dir='ltr'><strong>tot</strong></span> 
     </span>
     <span class='ocr_line' id='line_1_32' title="bbox 116 2881 1094 2965; baseline 0.001 -24"><span class='ocrx_word' id='word_1_203' title='bbox 116 2881 162 2942; x_wconf 80' lang='lat' dir='ltr'><strong>Ad</strong></span> <span class='ocrx_word' id='word_1_204' title='bbox 185 2892 306 2944; x_wconf 85' lang='lat' dir='ltr'><strong>sextam.</strong></span> <span class='ocrx_word' id='word_1_205' title='bbox 347 2881 461 2945; x_wconf 85' lang='lat' dir='ltr'><strong>Faoere</strong></span> <span class='ocrx_word' id='word_1_206' title='bbox 484 2885 541 2945; x_wconf 82' lang='lat' dir='ltr'><strong>hoo</strong></span> <span class='ocrx_word' id='word_1_207' title='bbox 563 2904 619 2946; x_wconf 90' lang='lat' dir='ltr'><strong>non</strong></span> <span class='ocrx_word' id='word_1_208' title='bbox 644 2887 741 2965; x_wconf 86' lang='lat' dir='ltr'><strong>possis</strong></span> <span class='ocrx_word' id='word_1_209' title='bbox 762 2887 888 2965; x_wconf 83' lang='lat' dir='ltr'><strong>quinque</strong></span> <span class='ocrx_word' id='word_1_210' title='bbox 910 2883 1014 2944; x_wconf 81' lang='lat' dir='ltr'><strong>dleltus</strong></span> <span class='ocrx_word' id='word_1_211' title='bbox 1093 2930 1094 2934; x_wconf 65' lang='lat'>,</span> 
     </span>
     <span class='ocr_line' id='line_1_33' title="bbox 117 2961 907 3048; baseline 0.001 -24"><span class='ocrx_word' id='word_1_212' title='bbox 117 2961 285 3043; x_wconf 82' lang='lat' dir='ltr'><strong>Continuis,</strong></span> <span class='ocrx_word' id='word_1_213' title='bbox 305 2969 372 3045; x_wconf 86' lang='lat' dir='ltr'><strong>quia</strong></span> <span class='ocrx_word' id='word_1_214' title='bbox 395 2976 461 3028; x_wconf 87' lang='lat' dir='ltr'><strong>sunt</strong></span> <span class='ocrx_word' id='word_1_215' title='bbox 483 2969 548 3029; x_wconf 87' lang='lat' dir='ltr'><strong>talis</strong></span> <span class='ocrx_word' id='word_1_216' title='bbox 572 2987 688 3048; x_wconf 81' lang='lat' dir='ltr'><strong>quoque</strong></span> <span class='ocrx_word' id='word_1_217' title='bbox 712 2970 806 3028; x_wconf 80' lang='lat' dir='ltr'><strong>taedia</strong></span> <span class='ocrx_word' id='word_1_218' title='bbox 829 2969 907 3027; x_wconf 74' lang='lat' dir='ltr'><strong>vitae</strong></span> 
     </span>
    </p>

    <p class='ocr_par' dir='ltr' id='par_1_10' title="bbox 115 3046 841 3128">
     <span class='ocr_line' id='line_1_34' title="bbox 115 3046 841 3128; baseline 0 -20"><span class='ocrx_word' id='word_1_219' title='bbox 115 3046 233 3127; x_wconf 74' lang='lat' dir='ltr'><strong>liugna3</strong></span> <span class='ocrx_word' id='word_1_220' title='bbox 256 3051 424 3128; x_wconf 80' lang='lat' dir='ltr'><strong>voluptates</strong></span> <span class='ocrx_word' id='word_1_221' title='bbox 446 3055 626 3113; x_wconf 86' lang='lat' dir='ltr'><strong>commendat</strong></span> <span class='ocrx_word' id='word_1_222' title='bbox 647 3055 740 3112; x_wconf 87' lang='lat' dir='ltr'><strong>rarior</strong></span> <span class='ocrx_word' id='word_1_223' title='bbox 762 3069 841 3110; x_wconf 86' lang='lat' dir='ltr'><strong>usos.</strong></span> 
     </span>
    </p>
   </div>
   <div class='ocr_carea' id='block_1_5' title="bbox 0 0 1300 3946">
    <p class='ocr_par' dir='ltr' id='par_1_11' title="bbox 0 0 1300 3946">
     <span class='ocr_line' id='line_1_35' title="bbox 0 0 1300 3946; baseline 0 0"><span class='ocrx_word' id='word_1_224' title='bbox 0 0 1300 3946; x_wconf 95' lang='lat' dir='ltr'><strong> </strong></span> 
     </span>
    </p>
   </div>
  </div>
 </body>
</html>
