<?xml version="1.0" encoding="UTF-8"?>
<!DOCTYPE html PUBLIC "-//W3C//DTD XHTML 1.0 Transitional//EN"
    "http://www.w3.org/TR/xhtml1/DTD/xhtml1-transitional.dtd">
<html xmlns="http://www.w3.org/1999/xhtml" xml:lang="en" lang="en">
 <head>
  <title>
</title>
<meta http-equiv="Content-Type" content="text/html;charset=utf-8" />
  <meta name='ocr-system' content='tesseract 3.04.00' />
  <meta name='ocr-capabilities' content='ocr_page ocr_carea ocr_par ocr_line ocrx_word'/>
</head>
<body>
  <div class='ocr_page' id='page_1' title='image "./satirarumlibriq01juvegoog_0108.png"; bbox 0 0 2590 3946; ppageno 0'>
   <div class='ocr_carea' id='block_1_1' title="bbox 504 271 682 319">
    <p class='ocr_par' dir='ltr' id='par_1_1' title="bbox 504 271 682 319">
     <span class='ocr_line' id='line_1_1' title="bbox 504 271 682 319; baseline 0 -1"><span class='ocrx_word' id='word_1_1' title='bbox 504 271 629 319; x_wconf 69' lang='lat' dir='ltr'><strong>aarum</strong></span> <span class='ocrx_word' id='word_1_2' title='bbox 648 273 682 318; x_wconf 83' lang='lat' dir='ltr'><strong>X.</strong></span> 
     </span>
    </p>
   </div>
   <div class='ocr_carea' id='block_1_2' title="bbox 62 410 1176 2248">
    <p class='ocr_par' dir='ltr' id='par_1_2' title="bbox 119 410 898 490">
     <span class='ocr_line' id='line_1_2' title="bbox 119 410 898 490; baseline -0.004 -16"><span class='ocrx_word' id='word_1_3' title='bbox 119 414 201 474; x_wconf 84' lang='lat' dir='ltr'><strong>llaec</strong></span> <span class='ocrx_word' id='word_1_4' title='bbox 222 413 289 472; x_wconf 87' lang='lat' dir='ltr'><strong>data</strong></span> <span class='ocrx_word' id='word_1_5' title='bbox 310 427 406 490; x_wconf 80' lang='lat' dir='ltr'><strong>poena</strong></span> <span class='ocrx_word' id='word_1_6' title='bbox 430 410 478 470; x_wconf 83' lang='lat' dir='ltr'><strong>liu</strong></span> <span class='ocrx_word' id='word_1_7' title='bbox 501 411 680 485; x_wconf 80' lang='lat' dir='ltr'><strong>mvemttus‚</strong></span> <span class='ocrx_word' id='word_1_8' title='bbox 707 419 737 470; x_wconf 94' lang='lat' dir='ltr'><strong>ut</strong></span> <span class='ocrx_word' id='word_1_9' title='bbox 760 421 898 472; x_wconf 88' lang='lat' dir='ltr'><strong>renovata</strong></span> 
     </span>
    </p>

    <p class='ocr_par' dir='ltr' id='par_1_3' title="bbox 118 493 908 576">
     <span class='ocr_line' id='line_1_3' title="bbox 118 493 908 576; baseline -0.009 -17"><span class='ocrx_word' id='word_1_10' title='bbox 118 499 244 576; x_wconf 84' lang='lat' dir='ltr'><strong>Semper</strong></span> <span class='ocrx_word' id='word_1_11' title='bbox 270 493 354 556; x_wconf 88' lang='lat' dir='ltr'><strong>clade</strong></span> <span class='ocrx_word' id='word_1_12' title='bbox 380 494 482 555; x_wconf 76' lang='lat' dir='ltr'><strong>lomus</strong></span> <span class='ocrx_word' id='word_1_13' title='bbox 507 494 603 554; x_wconf 83' lang='lat' dir='ltr'><strong>maltis</strong></span> <span class='ocrx_word' id='word_1_14' title='bbox 623 497 653 554; x_wconf 90' lang='lat' dir='ltr'><strong>in</strong></span> <span class='ocrx_word' id='word_1_15' title='bbox 674 495 799 554; x_wconf 82' lang='lat' dir='ltr'><strong>luctibus</strong></span> <span class='ocrx_word' id='word_1_16' title='bbox 821 495 908 573; x_wconf 88' lang='lat' dir='ltr'><strong>inque</strong></span> 
     </span>
    </p>

    <p class='ocr_par' dir='ltr' id='par_1_4' title="bbox 119 579 1105 825">
     <span class='ocr_line' id='line_1_4' title="bbox 120 579 1105 659; baseline -0.008 -17"><span class='ocrx_word' id='word_1_17' title='bbox 120 581 267 659; x_wconf 87' lang='lat' dir='ltr'><strong>Perpetuo</strong></span> <span class='ocrx_word' id='word_1_18' title='bbox 293 594 425 638; x_wconf 88' lang='lat' dir='ltr'><strong>maerore</strong></span> <span class='ocrx_word' id='word_1_19' title='bbox 447 587 477 638; x_wconf 88' lang='lat' dir='ltr'><strong>et</strong></span> <span class='ocrx_word' id='word_1_20' title='bbox 495 579 579 656; x_wconf 73' lang='lat' dir='ltr'><strong>nigra</strong></span> <span class='ocrx_word' id='word_1_21' title='bbox 599 586 685 636; x_wconf 81' lang='lat' dir='ltr'><strong>&#39;reste</strong></span> <span class='ocrx_word' id='word_1_22' title='bbox 708 587 873 638; x_wconf 77' lang='lat' dir='ltr'>senescant.</span> <span class='ocrx_word' id='word_1_23' title='bbox 1054 589 1105 646; x_wconf 74' lang='lat'><strong>245</strong></span> 
     </span>
     <span class='ocr_line' id='line_1_5' title="bbox 120 661 968 741; baseline -0.001 -17"><span class='ocrx_word' id='word_1_24' title='bbox 120 664 187 724; x_wconf 87' lang='lat' dir='ltr'><strong>Rex</strong></span> <span class='ocrx_word' id='word_1_25' title='bbox 211 662 325 738; x_wconf 79' lang='lat' dir='ltr'><strong>Pylius,</strong></span> <span class='ocrx_word' id='word_1_26' title='bbox 352 676 456 739; x_wconf 77' lang='lat' dir='ltr'><strong>magno</strong></span> <span class='ocrx_word' id='word_1_27' title='bbox 482 663 506 722; x_wconf 86' lang='lat' dir='ltr'><strong>si</strong></span> <span class='ocrx_word' id='word_1_28' title='bbox 529 661 687 741; x_wconf 72' lang='lat' dir='ltr'><strong>quidquam</strong></span> <span class='ocrx_word' id='word_1_29' title='bbox 711 661 807 722; x_wconf 87' lang='lat' dir='ltr'><strong>credis</strong></span> <span class='ocrx_word' id='word_1_30' title='bbox 827 661 968 739; x_wconf 82' lang='lat' dir='ltr'>Homero,</span> 
     </span>
     <span class='ocr_line' id='line_1_6' title="bbox 119 743 826 825; baseline -0.004 -18"><span class='ocrx_word' id='word_1_31' title='bbox 119 745 294 825; x_wconf 79' lang='lat' dir='ltr'><strong>Exemplum</strong></span> <span class='ocrx_word' id='word_1_32' title='bbox 319 745 395 814; x_wconf 84' lang='lat' dir='ltr'><strong>vitae</strong></span> <span class='ocrx_word' id='word_1_33' title='bbox 418 745 504 806; x_wconf 78' lang='lat' dir='ltr'><strong>suita</strong></span> <span class='ocrx_word' id='word_1_34' title='bbox 527 747 647 806; x_wconf 89' lang='lat' dir='ltr'><strong>cornice</strong></span> <span class='ocrx_word' id='word_1_35' title='bbox 669 743 826 806; x_wconf 83' lang='lat' dir='ltr'><strong>secundae.</strong></span> 
     </span>
    </p>

    <p class='ocr_par' dir='ltr' id='par_1_5' title="bbox 120 829 861 908">
     <span class='ocr_line' id='line_1_7' title="bbox 120 829 861 908; baseline -0.003 -17"><span class='ocrx_word' id='word_1_36' title='bbox 120 830 207 891; x_wconf 79' lang='lat' dir='ltr'><strong>Felix</strong></span> <span class='ocrx_word' id='word_1_37' title='bbox 229 829 375 904; x_wconf 73' lang='lat' dir='ltr'><strong>nimirum,</strong></span> <span class='ocrx_word' id='word_1_38' title='bbox 399 831 449 908; x_wconf 92' lang='lat' dir='ltr'><strong>qui</strong></span> <span class='ocrx_word' id='word_1_39' title='bbox 471 839 514 889; x_wconf 88' lang='lat' dir='ltr'><strong>tot</strong></span> <span class='ocrx_word' id='word_1_40' title='bbox 536 845 591 908; x_wconf 88' lang='lat' dir='ltr'><strong>per</strong></span> <span class='ocrx_word' id='word_1_41' title='bbox 613 829 714 889; x_wconf 86' lang='lat' dir='ltr'><strong>secula</strong></span> <span class='ocrx_word' id='word_1_42' title='bbox 739 833 861 889; x_wconf 88' lang='lat' dir='ltr'><strong>mortem</strong></span> 
     </span>
    </p>

    <p class='ocr_par' dir='ltr' id='par_1_6' title="bbox 121 912 946 992">
     <span class='ocr_line' id='line_1_8' title="bbox 121 912 946 992; baseline 0 -18"><span class='ocrx_word' id='word_1_43' title='bbox 121 912 240 975; x_wconf 80' lang='lat' dir='ltr'><strong>Distulit</strong></span> <span class='ocrx_word' id='word_1_44' title='bbox 265 921 353 990; x_wconf 86' lang='lat' dir='ltr'><strong>atque</strong></span> <span class='ocrx_word' id='word_1_45' title='bbox 377 925 447 972; x_wconf 82' lang='lat' dir='ltr'><strong>euos</strong></span> <span class='ocrx_word' id='word_1_46' title='bbox 472 915 528 973; x_wconf 92' lang='lat' dir='ltr'><strong>iam</strong></span> <span class='ocrx_word' id='word_1_47' title='bbox 552 913 654 972; x_wconf 84' lang='lat' dir='ltr'><strong>dextra</strong></span> <span class='ocrx_word' id='word_1_48' title='bbox 677 920 823 992; x_wconf 82' lang='lat' dir='ltr'><strong>computat</strong></span> <span class='ocrx_word' id='word_1_49' title='bbox 844 929 946 992; x_wconf 86' lang='lat' dir='ltr'><strong>annos,</strong></span> 
     </span>
    </p>

    <p class='ocr_par' dir='ltr' id='par_1_7' title="bbox 121 995 1107 1077">
     <span class='ocr_line' id='line_1_9' title="bbox 121 995 1107 1077; baseline 0.007 -21"><span class='ocrx_word' id='word_1_50' title='bbox 121 997 237 1077; x_wconf 80' lang='lat' dir='ltr'>Quique</span> <span class='ocrx_word' id='word_1_51' title='bbox 259 1013 364 1055; x_wconf 88' lang='lat' dir='ltr'><strong>novum</strong></span> <span class='ocrx_word' id='word_1_52' title='bbox 386 995 472 1056; x_wconf 83' lang='lat' dir='ltr'><strong>toties</strong></span> <span class='ocrx_word' id='word_1_53' title='bbox 494 1005 615 1057; x_wconf 86' lang='lat' dir='ltr'><strong>mustum</strong></span> <span class='ocrx_word' id='word_1_54' title='bbox 641 995 722 1056; x_wconf 85' lang='lat' dir='ltr'><strong>bibit.</strong></span> <span class='ocrx_word' id='word_1_55' title='bbox 754 995 831 1074; x_wconf 87' lang='lat' dir='ltr'><strong>Oro,</strong></span> <span class='ocrx_word' id='word_1_56' title='bbox 856 1015 1012 1077; x_wconf 86' lang='lat' dir='ltr'><strong>parumper</strong></span> <span class='ocrx_word' id='word_1_57' title='bbox 1052 1009 1107 1063; x_wconf 66' lang='lat'><strong>250</strong></span> 
     </span>
    </p>

    <p class='ocr_par' dir='ltr' id='par_1_8' title="bbox 62 1079 1176 1662">
     <span class='ocr_line' id='line_1_10' title="bbox 62 1079 1176 1164; baseline -0.001 -23"><span class='ocrx_word' id='word_1_58' title='bbox 62 1151 69 1164; x_wconf 45' lang='grc'><em>,</em></span> <span class='ocrx_word' id='word_1_59' title='bbox 121 1081 280 1155; x_wconf 68' lang='lat' dir='ltr'><strong>attendas,</strong></span> <span class='ocrx_word' id='word_1_60' title='bbox 305 1088 440 1159; x_wconf 87' lang='lat' dir='ltr'><strong>quantum</strong></span> <span class='ocrx_word' id='word_1_61' title='bbox 465 1081 502 1140; x_wconf 88' lang='lat' dir='ltr'><strong>de</strong></span> <span class='ocrx_word' id='word_1_62' title='bbox 531 1079 646 1158; x_wconf 81' lang='lat' dir='ltr'><strong>legibus</strong></span> <span class='ocrx_word' id='word_1_63' title='bbox 670 1083 734 1159; x_wconf 91' lang='lat' dir='ltr'><strong>ipse</strong></span> <span class='ocrx_word' id='word_1_64' title='bbox 756 1091 893 1157; x_wconf 80' lang='lat' dir='ltr'>queratur</span> <span class='ocrx_word' id='word_1_65' title='bbox 1174 1085 1176 1088; x_wconf 83' lang='lat'>&#39;</span> 
     </span>
     <span class='ocr_line' id='line_1_11' title="bbox 120 1163 942 1241; baseline 0.001 -16"><span class='ocrx_word' id='word_1_66' title='bbox 120 1164 257 1225; x_wconf 81' lang='lat' dir='ltr'><strong>Fatorum</strong></span> <span class='ocrx_word' id='word_1_67' title='bbox 280 1171 310 1223; x_wconf 89' lang='lat' dir='ltr'><strong>et</strong></span> <span class='ocrx_word' id='word_1_68' title='bbox 335 1163 421 1222; x_wconf 85' lang='lat' dir='ltr'><strong>nimio</strong></span> <span class='ocrx_word' id='word_1_69' title='bbox 443 1163 480 1224; x_wconf 85' lang='lat' dir='ltr'><strong>de</strong></span> <span class='ocrx_word' id='word_1_70' title='bbox 501 1165 639 1240; x_wconf 82' lang='lat' dir='ltr'><strong>stamine,</strong></span> <span class='ocrx_word' id='word_1_71' title='bbox 661 1181 745 1241; x_wconf 88' lang='lat' dir='ltr'><strong>quum</strong></span> <span class='ocrx_word' id='word_1_72' title='bbox 764 1164 844 1226; x_wconf 84' lang='lat' dir='ltr'><strong>videt</strong></span> <span class='ocrx_word' id='word_1_73' title='bbox 866 1169 942 1226; x_wconf 85' lang='lat' dir='ltr'><strong>acris</strong></span> 
     </span>
     <span class='ocr_line' id='line_1_12' title="bbox 120 1246 1005 1326; baseline 0.001 -17"><span class='ocrx_word' id='word_1_74' title='bbox 120 1248 269 1309; x_wconf 72' lang='lat' dir='ltr'><strong>Antilochi</strong></span> <span class='ocrx_word' id='word_1_75' title='bbox 291 1246 410 1307; x_wconf 79' lang='lat' dir='ltr'><strong>barbam</strong></span> <span class='ocrx_word' id='word_1_76' title='bbox 433 1247 599 1324; x_wconf 82' lang='lat' dir='ltr'><strong>ardentem,</strong></span> <span class='ocrx_word' id='word_1_77' title='bbox 626 1263 711 1326; x_wconf 86' lang='lat' dir='ltr'><strong>quum</strong></span> <span class='ocrx_word' id='word_1_78' title='bbox 734 1249 846 1326; x_wconf 85' lang='lat' dir='ltr'><strong>quaerit</strong></span> <span class='ocrx_word' id='word_1_79' title='bbox 868 1248 904 1309; x_wconf 89' lang='lat' dir='ltr'><strong>ab</strong></span> <span class='ocrx_word' id='word_1_80' title='bbox 929 1253 1005 1312; x_wconf 90' lang='lat' dir='ltr'><strong>omni</strong></span> 
     </span>
     <span class='ocr_line' id='line_1_13' title="bbox 120 1330 1014 1412; baseline 0.006 -22"><span class='ocrx_word' id='word_1_81' title='bbox 120 1333 260 1412; x_wconf 79' lang='lat' dir='ltr'><strong>Quisquis</strong></span> <span class='ocrx_word' id='word_1_82' title='bbox 298 1330 381 1391; x_wconf 88' lang='lat' dir='ltr'><strong>adest</strong></span> <span class='ocrx_word' id='word_1_83' title='bbox 404 1332 520 1408; x_wconf 79' lang='lat' dir='ltr'><strong>socius,</strong></span> <span class='ocrx_word' id='word_1_84' title='bbox 545 1347 596 1391; x_wconf 90' lang='lat' dir='ltr'><strong>cur</strong></span> <span class='ocrx_word' id='word_1_85' title='bbox 616 1331 692 1392; x_wconf 87' lang='lat' dir='ltr'><strong>lraec</strong></span> <span class='ocrx_word' id='word_1_86' title='bbox 712 1333 742 1390; x_wconf 90' lang='lat' dir='ltr'><strong>in</strong></span> <span class='ocrx_word' id='word_1_87' title='bbox 762 1341 896 1410; x_wconf 84' lang='lat' dir='ltr'><strong>tempora</strong></span> <span class='ocrx_word' id='word_1_88' title='bbox 921 1334 1014 1411; x_wconf 87' lang='lat' dir='ltr'><strong>duret,</strong></span> 
     </span>
     <span class='ocr_line' id='line_1_14' title="bbox 121 1414 1107 1494; baseline 0.007 -19"><span class='ocrx_word' id='word_1_89' title='bbox 121 1414 208 1490; x_wconf 79' lang='lat' dir='ltr'><strong>Quod</strong></span> <span class='ocrx_word' id='word_1_90' title='bbox 230 1415 341 1474; x_wconf 85' lang='lat' dir='ltr'><strong>facinus</strong></span> <span class='ocrx_word' id='word_1_91' title='bbox 363 1414 478 1492; x_wconf 76' lang='lat' dir='ltr'><strong>dignum</strong></span> <span class='ocrx_word' id='word_1_92' title='bbox 501 1424 558 1476; x_wconf 88' lang='lat' dir='ltr'><strong>tam</strong></span> <span class='ocrx_word' id='word_1_93' title='bbox 581 1415 669 1494; x_wconf 81' lang='lat' dir='ltr'><strong>longo</strong></span> <span class='ocrx_word' id='word_1_94' title='bbox 692 1415 840 1477; x_wconf 84' lang='lat' dir='ltr'><strong>admiserit</strong></span> <span class='ocrx_word' id='word_1_95' title='bbox 862 1415 959 1478; x_wconf 78' lang='lat' dir='ltr'><strong>aeto?</strong></span> <span class='ocrx_word' id='word_1_96' title='bbox 1056 1428 1107 1482; x_wconf 78' lang='lat'><strong>255</strong></span> 
     </span>
     <span class='ocr_line' id='line_1_15' title="bbox 121 1495 1009 1580; baseline 0.005 -22"><span class='ocrx_word' id='word_1_97' title='bbox 121 1499 203 1559; x_wconf 89' lang='lat' dir='ltr'><strong>Haec</strong></span> <span class='ocrx_word' id='word_1_98' title='bbox 230 1499 333 1559; x_wconf 87' lang='lat' dir='ltr'><strong>eadem</strong></span> <span class='ocrx_word' id='word_1_99' title='bbox 357 1495 479 1572; x_wconf 75' lang='lat' dir='ltr'><strong>Peleus,</strong></span> <span class='ocrx_word' id='word_1_100' title='bbox 504 1507 615 1578; x_wconf 84' lang='lat' dir='ltr'><strong>mptum</strong></span> <span class='ocrx_word' id='word_1_101' title='bbox 641 1515 727 1580; x_wconf 92' lang='lat' dir='ltr'><strong>quum</strong></span> <span class='ocrx_word' id='word_1_102' title='bbox 749 1499 831 1578; x_wconf 74' lang='lat' dir='ltr'><strong>luget</strong></span> <span class='ocrx_word' id='word_1_103' title='bbox 855 1499 1009 1579; x_wconf 80' lang='lat' dir='ltr'><strong>Achillem,</strong></span> 
     </span>
     <span class='ocr_line' id='line_1_16' title="bbox 121 1581 929 1662; baseline -0.001 -19"><span class='ocrx_word' id='word_1_104' title='bbox 121 1584 219 1662; x_wconf 80' lang='lat' dir='ltr'><strong>Atque</strong></span> <span class='ocrx_word' id='word_1_105' title='bbox 244 1582 333 1657; x_wconf 86' lang='lat' dir='ltr'><strong>alius,</strong></span> <span class='ocrx_word' id='word_1_106' title='bbox 365 1583 411 1641; x_wconf 90' lang='lat' dir='ltr'><strong>cui</strong></span> <span class='ocrx_word' id='word_1_107' title='bbox 432 1582 477 1642; x_wconf 85' lang='lat' dir='ltr'><strong>ias</strong></span> <span class='ocrx_word' id='word_1_108' title='bbox 501 1581 629 1643; x_wconf 86' lang='lat' dir='ltr'><strong>ltlmcum</strong></span> <span class='ocrx_word' id='word_1_109' title='bbox 644 1585 755 1662; x_wconf 49' lang='lat' dir='ltr'><strong>‘lugere</strong></span> <span class='ocrx_word' id='word_1_110' title='bbox 776 1592 929 1644; x_wconf 86' lang='lat' dir='ltr'><strong>natantem.</strong></span> 
     </span>
    </p>

    <p class='ocr_par' dir='ltr' id='par_1_9' title="bbox 121 1663 875 1728">
     <span class='ocr_line' id='line_1_17' title="bbox 121 1663 875 1728; baseline -0.001 -1"><span class='ocrx_word' id='word_1_111' title='bbox 121 1666 263 1728; x_wconf 82' lang='lat' dir='ltr'><strong>Incolumi</strong></span> <span class='ocrx_word' id='word_1_112' title='bbox 286 1663 373 1725; x_wconf 83' lang='lat' dir='ltr'><strong>Proia</strong></span> <span class='ocrx_word' id='word_1_113' title='bbox 396 1665 524 1726; x_wconf 81' lang='lat' dir='ltr'><strong>Priamus</strong></span> <span class='ocrx_word' id='word_1_114' title='bbox 545 1668 676 1727; x_wconf 78' lang='lat' dir='ltr'><strong>venisset</strong></span> <span class='ocrx_word' id='word_1_115' title='bbox 700 1669 737 1728; x_wconf 86' lang='lat' dir='ltr'><strong>ad</strong></span> <span class='ocrx_word' id='word_1_116' title='bbox 759 1667 875 1728; x_wconf 86' lang='lat' dir='ltr'><strong>umbras</strong></span> 
     </span>
    </p>

    <p class='ocr_par' dir='ltr' id='par_1_10' title="bbox 121 1749 882 1826">
     <span class='ocr_line' id='line_1_18' title="bbox 121 1749 882 1826; baseline -0.001 -15"><span class='ocrx_word' id='word_1_117' title='bbox 121 1751 262 1811; x_wconf 79' lang='lat' dir='ltr'><strong>Assaraci</strong></span> <span class='ocrx_word' id='word_1_118' title='bbox 282 1749 394 1826; x_wconf 83' lang='lat' dir='ltr'><strong>magnis</strong></span> <span class='ocrx_word' id='word_1_119' title='bbox 416 1749 622 1826; x_wconf 75' lang='lat' dir='ltr'><strong>sollemnibus,</strong></span> <span class='ocrx_word' id='word_1_120' title='bbox 644 1749 773 1811; x_wconf 88' lang='lat' dir='ltr'><strong>lleotore</strong></span> <span class='ocrx_word' id='word_1_121' title='bbox 796 1750 882 1811; x_wconf 77' lang='lat' dir='ltr'><strong>mnus</strong></span> 
     </span>
    </p>

    <p class='ocr_par' dir='ltr' id='par_1_11' title="bbox 121 1833 1109 1997">
     <span class='ocr_line' id='line_1_19' title="bbox 121 1833 1109 1912; baseline 0.003 -17"><span class='ocrx_word' id='word_1_122' title='bbox 121 1834 259 1895; x_wconf 76' lang='lat' dir='ltr'><strong>Postume</strong></span> <span class='ocrx_word' id='word_1_123' title='bbox 280 1850 316 1893; x_wconf 90' lang='lat' dir='ltr'><strong>ao</strong></span> <span class='ocrx_word' id='word_1_124' title='bbox 336 1833 457 1912; x_wconf 88' lang='lat' dir='ltr'><strong>reliquls</strong></span> <span class='ocrx_word' id='word_1_125' title='bbox 479 1833 597 1893; x_wconf 85' lang='lat' dir='ltr'><strong>fratrum</strong></span> <span class='ocrx_word' id='word_1_126' title='bbox 624 1833 787 1895; x_wconf 84' lang='lat' dir='ltr'><strong>cervicibus</strong></span> <span class='ocrx_word' id='word_1_127' title='bbox 808 1835 884 1894; x_wconf 89' lang='lat' dir='ltr'><strong>inter</strong></span> <span class='ocrx_word' id='word_1_128' title='bbox 1057 1845 1109 1900; x_wconf 72' lang='lat'><strong>26⁰</strong></span> 
     </span>
     <span class='ocr_line' id='line_1_20' title="bbox 121 1916 874 1997; baseline -0.003 -19"><span class='ocrx_word' id='word_1_129' title='bbox 121 1917 242 1978; x_wconf 89' lang='lat' dir='ltr'><strong>lliadum</strong></span> <span class='ocrx_word' id='word_1_130' title='bbox 267 1916 417 1992; x_wconf 83' lang='lat' dir='ltr'><strong>lacrimae,</strong></span> <span class='ocrx_word' id='word_1_131' title='bbox 443 1926 473 1976; x_wconf 93' lang='lat' dir='ltr'><strong>ut</strong></span> <span class='ocrx_word' id='word_1_132' title='bbox 495 1917 604 1995; x_wconf 89' lang='lat' dir='ltr'><strong>primos</strong></span> <span class='ocrx_word' id='word_1_133' title='bbox 629 1917 720 1978; x_wconf 87' lang='lat' dir='ltr'><strong>edere</strong></span> <span class='ocrx_word' id='word_1_134' title='bbox 741 1918 874 1997; x_wconf 88' lang='lat' dir='ltr'><strong>planetus</strong></span> 
     </span>
    </p>

    <p class='ocr_par' dir='ltr' id='par_1_12' title="bbox 120 1996 912 2080">
     <span class='ocr_line' id='line_1_21' title="bbox 120 1996 912 2080; baseline -0.001 -19"><span class='ocrx_word' id='word_1_135' title='bbox 120 1997 287 2062; x_wconf 69' lang='lat' dir='ltr'><strong>Cassandra</strong></span> <span class='ocrx_word' id='word_1_136' title='bbox 309 2001 453 2080; x_wconf 80' lang='lat' dir='ltr'><strong>inciperet</strong></span> <span class='ocrx_word' id='word_1_137' title='bbox 476 2003 628 2078; x_wconf 83' lang='lat' dir='ltr'><strong>scissaque</strong></span> <span class='ocrx_word' id='word_1_138' title='bbox 651 2000 800 2078; x_wconf 70' lang='lat' dir='ltr'><strong>Polyxena</strong></span> <span class='ocrx_word' id='word_1_139' title='bbox 825 1996 912 2080; x_wconf 86' lang='lat' dir='ltr'><strong>palla,</strong></span> 
     </span>
    </p>

    <p class='ocr_par' dir='ltr' id='par_1_13' title="bbox 123 2084 920 2164">
     <span class='ocr_line' id='line_1_22' title="bbox 123 2084 920 2164; baseline -0.003 -18"><span class='ocrx_word' id='word_1_140' title='bbox 123 2086 155 2146; x_wconf 90' lang='lat' dir='ltr'><strong>Si</strong></span> <span class='ocrx_word' id='word_1_141' title='bbox 180 2085 259 2145; x_wconf 87' lang='lat' dir='ltr'><strong>iuret</strong></span> <span class='ocrx_word' id='word_1_142' title='bbox 281 2085 440 2145; x_wconf 84' lang='lat' dir='ltr'><strong>exstinctus</strong></span> <span class='ocrx_word' id='word_1_143' title='bbox 467 2084 585 2144; x_wconf 87' lang='lat' dir='ltr'><strong>diverso</strong></span> <span class='ocrx_word' id='word_1_144' title='bbox 607 2093 759 2164; x_wconf 86' lang='lat' dir='ltr'><strong>tempore,</strong></span> <span class='ocrx_word' id='word_1_145' title='bbox 782 2100 839 2164; x_wconf 85' lang='lat' dir='ltr'><strong>quo</strong></span> <span class='ocrx_word' id='word_1_146' title='bbox 862 2099 920 2144; x_wconf 90' lang='lat' dir='ltr'><strong>non</strong></span> 
     </span>
    </p>

    <p class='ocr_par' dir='ltr' id='par_1_14' title="bbox 123 2167 845 2248">
     <span class='ocr_line' id='line_1_23' title="bbox 123 2167 845 2248; baseline -0.004 -20"><span class='ocrx_word' id='word_1_147' title='bbox 123 2167 273 2248; x_wconf 77' lang='lat' dir='ltr'><strong>Coeperat</strong></span> <span class='ocrx_word' id='word_1_148' title='bbox 294 2168 421 2230; x_wconf 81' lang='lat' dir='ltr'><strong>audaces</strong></span> <span class='ocrx_word' id='word_1_149' title='bbox 443 2167 524 2228; x_wconf 88' lang='lat' dir='ltr'><strong>Paris</strong></span> <span class='ocrx_word' id='word_1_150' title='bbox 544 2169 699 2229; x_wconf 82' lang='lat' dir='ltr'><strong>aedificare</strong></span> <span class='ocrx_word' id='word_1_151' title='bbox 724 2170 845 2229; x_wconf 83' lang='lat' dir='ltr'><strong>carinas.</strong></span> 
     </span>
    </p>
   </div>
   <div class='ocr_carea' id='block_1_3' title="bbox 7 2249 1110 2330">
    <p class='ocr_par' dir='ltr' id='par_1_15' title="bbox 7 2249 1110 2330">
     <span class='ocr_line' id='line_1_24' title="bbox 7 2249 1110 2330; baseline 0.002 -18"><span class='ocrx_word' id='word_1_152' title='bbox 7 2277 8 2300; x_wconf 39' lang='lat' dir='ltr'><strong>t</strong></span> <span class='ocrx_word' id='word_1_153' title='bbox 122 2252 222 2330; x_wconf 76' lang='lat' dir='ltr'><strong>Longa</strong></span> <span class='ocrx_word' id='word_1_154' title='bbox 247 2251 310 2312; x_wconf 86' lang='lat' dir='ltr'><strong>dies</strong></span> <span class='ocrx_word' id='word_1_155' title='bbox 335 2253 422 2328; x_wconf 76' lang='lat' dir='ltr'><strong>igitur</strong></span> <span class='ocrx_word' id='word_1_156' title='bbox 443 2251 511 2330; x_wconf 88' lang='lat' dir='ltr'><strong>qaid</strong></span> <span class='ocrx_word' id='word_1_157' title='bbox 533 2249 673 2312; x_wconf 79' lang='lat' dir='ltr'><strong>contulit?</strong></span> <span class='ocrx_word' id='word_1_158' title='bbox 696 2253 790 2313; x_wconf 86' lang='lat' dir='ltr'><strong>omnia</strong></span> <span class='ocrx_word' id='word_1_159' title='bbox 812 2249 882 2312; x_wconf 80' lang='lat' dir='ltr'><strong>viulit</strong></span> <span class='ocrx_word' id='word_1_160' title='bbox 1057 2261 1110 2316; x_wconf 74' lang='lat'><strong>265</strong></span> 
     </span>
    </p>
   </div>
   <div class='ocr_carea' id='block_1_4' title="bbox 123 2334 1112 2746">
    <p class='ocr_par' dir='ltr' id='par_1_16' title="bbox 123 2334 900 2414">
     <span class='ocr_line' id='line_1_25' title="bbox 123 2334 900 2414; baseline -0.004 -19"><span class='ocrx_word' id='word_1_161' title='bbox 123 2335 238 2396; x_wconf 84' lang='lat' dir='ltr'><strong>Eversa</strong></span> <span class='ocrx_word' id='word_1_162' title='bbox 260 2344 290 2395; x_wconf 89' lang='lat' dir='ltr'><strong>et</strong></span> <span class='ocrx_word' id='word_1_163' title='bbox 311 2335 431 2395; x_wconf 87' lang='lat' dir='ltr'><strong>llammis</strong></span> <span class='ocrx_word' id='word_1_164' title='bbox 452 2334 550 2395; x_wconf 77' lang='lat' dir='ltr'><strong>Asiam</strong></span> <span class='ocrx_word' id='word_1_165' title='bbox 576 2335 715 2414; x_wconf 86' lang='lat' dir='ltr'><strong>lernoqne</strong></span> <span class='ocrx_word' id='word_1_166' title='bbox 739 2336 900 2396; x_wconf 89' lang='lat' dir='ltr'><strong>cadentem.</strong></span> 
     </span>
    </p>

    <p class='ocr_par' dir='ltr' id='par_1_17' title="bbox 123 2417 974 2497">
     <span class='ocr_line' id='line_1_26' title="bbox 123 2417 974 2497; baseline -0.002 -17"><span class='ocrx_word' id='word_1_167' title='bbox 123 2419 206 2480; x_wconf 82' lang='lat' dir='ltr'><strong>&#39;lunc</strong></span> <span class='ocrx_word' id='word_1_168' title='bbox 225 2418 310 2480; x_wconf 89' lang='lat' dir='ltr'><strong>miles</strong></span> <span class='ocrx_word' id='word_1_169' title='bbox 334 2417 473 2479; x_wconf 88' lang='lat' dir='ltr'><strong>tremulus</strong></span> <span class='ocrx_word' id='word_1_170' title='bbox 500 2421 596 2497; x_wconf 90' lang='lat' dir='ltr'><strong>posita</strong></span> <span class='ocrx_word' id='word_1_171' title='bbox 619 2419 684 2480; x_wconf 80' lang='lat' dir='ltr'><strong>tulit</strong></span> <span class='ocrx_word' id='word_1_172' title='bbox 705 2437 782 2479; x_wconf 90' lang='lat' dir='ltr'><strong>arma</strong></span> <span class='ocrx_word' id='word_1_173' title='bbox 811 2419 883 2478; x_wconf 88' lang='lat' dir='ltr'><strong>tiara</strong></span> <span class='ocrx_word' id='word_1_174' title='bbox 970 2417 974 2428; x_wconf 93' lang='lat'>&#39;</span> 
     </span>
    </p>

    <p class='ocr_par' dir='ltr' id='par_1_18' title="bbox 123 2499 950 2579">
     <span class='ocr_line' id='line_1_27' title="bbox 123 2499 950 2579; baseline -0.005 -15"><span class='ocrx_word' id='word_1_175' title='bbox 123 2501 162 2564; x_wconf 80' lang='lat' dir='ltr'><strong>ltu</strong></span> <span class='ocrx_word' id='word_1_176' title='bbox 185 2504 240 2564; x_wconf 88' lang='lat' dir='ltr'><strong>ruit</strong></span> <span class='ocrx_word' id='word_1_177' title='bbox 261 2512 327 2562; x_wconf 86' lang='lat' dir='ltr'><strong>ante</strong></span> <span class='ocrx_word' id='word_1_178' title='bbox 348 2517 428 2563; x_wconf 85' lang='lat' dir='ltr'><strong>aram</strong></span> <span class='ocrx_word' id='word_1_179' title='bbox 451 2503 551 2562; x_wconf 91' lang='lat' dir='ltr'><strong>summi</strong></span> <span class='ocrx_word' id='word_1_180' title='bbox 575 2499 669 2579; x_wconf 84' lang='lat' dir='ltr'><strong>lovis,</strong></span> <span class='ocrx_word' id='word_1_181' title='bbox 693 2511 723 2562; x_wconf 89' lang='lat' dir='ltr'><strong>ut</strong></span> <span class='ocrx_word' id='word_1_182' title='bbox 747 2499 861 2562; x_wconf 85' lang='lat' dir='ltr'><strong>vetulus</strong></span> <span class='ocrx_word' id='word_1_183' title='bbox 884 2501 950 2576; x_wconf 85' lang='lat' dir='ltr'><strong>bos,</strong></span> 
     </span>
    </p>

    <p class='ocr_par' dir='ltr' id='par_1_19' title="bbox 124 2575 920 2658">
     <span class='ocr_line' id='line_1_28' title="bbox 124 2575 920 2658; baseline -0.003 -12"><span class='ocrx_word' id='word_1_184' title='bbox 124 2585 182 2658; x_wconf 81' lang='lat' dir='ltr'><strong>our</strong></span> <span class='ocrx_word' id='word_1_185' title='bbox 207 2587 313 2648; x_wconf 87' lang='lat' dir='ltr'><strong>domini</strong></span> <span class='ocrx_word' id='word_1_186' title='bbox 335 2585 434 2646; x_wconf 88' lang='lat' dir='ltr'><strong>cultris</strong></span> <span class='ocrx_word' id='word_1_187' title='bbox 456 2595 544 2647; x_wconf 88' lang='lat' dir='ltr'><strong>tenue</strong></span> <span class='ocrx_word' id='word_1_188' title='bbox 571 2595 601 2646; x_wconf 86' lang='lat' dir='ltr'><strong>et</strong></span> <span class='ocrx_word' id='word_1_189' title='bbox 622 2575 787 2646; x_wconf 82' lang='lat' dir='ltr'><strong>miserab&#39;ile</strong></span> <span class='ocrx_word' id='word_1_190' title='bbox 814 2581 920 2645; x_wconf 81' lang='lat' dir='ltr'><strong>oollam</strong></span> 
     </span>
    </p>

    <p class='ocr_par' dir='ltr' id='par_1_20' title="bbox 123 2668 1112 2746">
     <span class='ocr_line' id='line_1_29' title="bbox 123 2668 1112 2746; baseline 0 -17"><span class='ocrx_word' id='word_1_191' title='bbox 123 2668 266 2744; x_wconf 85' lang='lat' dir='ltr'><strong>Praebet,</strong></span> <span class='ocrx_word' id='word_1_192' title='bbox 293 2669 329 2730; x_wconf 87' lang='lat' dir='ltr'><strong>ab</strong></span> <span class='ocrx_word' id='word_1_193' title='bbox 351 2671 465 2746; x_wconf 82' lang='lat' dir='ltr'><strong>ingrato</strong></span> <span class='ocrx_word' id='word_1_194' title='bbox 488 2670 543 2729; x_wconf 87' lang='lat' dir='ltr'><strong>iam</strong></span> <span class='ocrx_word' id='word_1_195' title='bbox 567 2669 711 2732; x_wconf 83' lang='lat' dir='ltr'><strong>fastiditus</strong></span> <span class='ocrx_word' id='word_1_196' title='bbox 736 2678 842 2731; x_wconf 87' lang='lat' dir='ltr'><strong>aratro.</strong></span> <span class='ocrx_word' id='word_1_197' title='bbox 1058 2673 1112 2732; x_wconf 73' lang='lat' dir='ltr'><strong>ilo</strong></span> 
     </span>
    </p>
   </div>
   <div class='ocr_carea' id='block_1_5' title="bbox 7 2751 948 2834">
    <p class='ocr_par' dir='ltr' id='par_1_21' title="bbox 7 2751 948 2834">
     <span class='ocr_line' id='line_1_30' title="bbox 7 2751 948 2834; baseline 0 -22"><span class='ocrx_word' id='word_1_198' title='bbox 7 2779 8 2796; x_wconf 50' lang='lat' dir='ltr'><strong>u</strong></span> <span class='ocrx_word' id='word_1_199' title='bbox 125 2751 228 2812; x_wconf 80' lang='lat' dir='ltr'><strong>linitus</strong></span> <span class='ocrx_word' id='word_1_200' title='bbox 250 2753 300 2813; x_wconf 89' lang='lat' dir='ltr'><strong>ille</strong></span> <span class='ocrx_word' id='word_1_201' title='bbox 323 2759 478 2834; x_wconf 83' lang='lat' dir='ltr'><strong>utcumque</strong></span> <span class='ocrx_word' id='word_1_202' title='bbox 500 2753 640 2830; x_wconf 86' lang='lat' dir='ltr'><strong>hominis,</strong></span> <span class='ocrx_word' id='word_1_203' title='bbox 666 2753 720 2814; x_wconf 77' lang='lat' dir='ltr'><strong>seri</strong></span> <span class='ocrx_word' id='word_1_204' title='bbox 740 2763 824 2814; x_wconf 88' lang='lat' dir='ltr'><strong>torva</strong></span> <span class='ocrx_word' id='word_1_205' title='bbox 847 2755 948 2814; x_wconf 87' lang='lat' dir='ltr'><strong>canino</strong></span> 
     </span>
    </p>
   </div>
   <div class='ocr_carea' id='block_1_6' title="bbox 124 2837 924 3167">
    <p class='ocr_par' dir='ltr' id='par_1_22' title="bbox 124 2837 904 2998">
     <span class='ocr_line' id='line_1_31' title="bbox 124 2837 904 2916; baseline -0.001 -19"><span class='ocrx_word' id='word_1_206' title='bbox 124 2837 252 2897; x_wconf 77' lang='lat' dir='ltr'><strong>latravit</strong></span> <span class='ocrx_word' id='word_1_207' title='bbox 272 2837 361 2912; x_wconf 77' lang='lat' dir='ltr'><strong>rictu,</strong></span> <span class='ocrx_word' id='word_1_208' title='bbox 386 2849 461 2914; x_wconf 90' lang='lat' dir='ltr'><strong>quae</strong></span> <span class='ocrx_word' id='word_1_209' title='bbox 484 2848 552 2916; x_wconf 92' lang='lat' dir='ltr'><strong>post</strong></span> <span class='ocrx_word' id='word_1_210' title='bbox 573 2838 648 2898; x_wconf 88' lang='lat' dir='ltr'><strong>hunc</strong></span> <span class='ocrx_word' id='word_1_211' title='bbox 669 2839 798 2914; x_wconf 74' lang='lat' dir='ltr'><strong>mussat,</strong></span> <span class='ocrx_word' id='word_1_212' title='bbox 821 2852 904 2898; x_wconf 84' lang='lat' dir='ltr'><strong>uxor.</strong></span> 
     </span>
     <span class='ocr_line' id='line_1_32' title="bbox 125 2919 865 2998; baseline 0 -18"><span class='ocrx_word' id='word_1_213' title='bbox 125 2921 245 2980; x_wconf 83' lang='lat' dir='ltr'><strong>Festino</strong></span> <span class='ocrx_word' id='word_1_214' title='bbox 269 2919 441 2981; x_wconf 87' lang='lat' dir='ltr'><strong>adnostros</strong></span> <span class='ocrx_word' id='word_1_215' title='bbox 465 2929 495 2982; x_wconf 89' lang='lat' dir='ltr'><strong>et</strong></span> <span class='ocrx_word' id='word_1_216' title='bbox 519 2938 621 2998; x_wconf 81' lang='lat' dir='ltr'><strong>regem</strong></span> <span class='ocrx_word' id='word_1_217' title='bbox 642 2930 760 2982; x_wconf 84' lang='lat' dir='ltr'><strong>transeo</strong></span> <span class='ocrx_word' id='word_1_218' title='bbox 782 2922 865 2982; x_wconf 91' lang='lat' dir='ltr'><strong>Ponti</strong></span> 
     </span>
    </p>

    <p class='ocr_par' dir='ltr' id='par_1_23' title="bbox 125 3001 924 3167">
     <span class='ocr_line' id='line_1_33' title="bbox 125 3001 908 3082; baseline -0.003 -18"><span class='ocrx_word' id='word_1_219' title='bbox 125 3003 162 3064; x_wconf 83' lang='lat' dir='ltr'><strong>Et</strong></span> <span class='ocrx_word' id='word_1_220' title='bbox 185 3001 342 3078; x_wconf 79' lang='lat' dir='ltr'><strong>croesum,</strong></span> <span class='ocrx_word' id='word_1_221' title='bbox 366 3019 453 3082; x_wconf 91' lang='lat' dir='ltr'><strong>quem</strong></span> <span class='ocrx_word' id='word_1_222' title='bbox 475 3021 535 3066; x_wconf 78' lang='lat' dir='ltr'><strong>vox</strong></span> <span class='ocrx_word' id='word_1_223' title='bbox 555 3005 623 3065; x_wconf 87' lang='lat' dir='ltr'><strong>iusti</strong></span> <span class='ocrx_word' id='word_1_224' title='bbox 644 3005 767 3066; x_wconf 83' lang='lat' dir='ltr'><strong>facunda</strong></span> <span class='ocrx_word' id='word_1_225' title='bbox 791 3004 908 3063; x_wconf 86' lang='lat' dir='ltr'><strong>Solonis</strong></span> 
     </span>
     <span class='ocr_line' id='line_1_34' title="bbox 126 3086 924 3167; baseline -0.003 -20"><span class='ocrx_word' id='word_1_226' title='bbox 126 3086 289 3166; x_wconf 86' lang='lat' dir='ltr'><strong>Respicere</strong></span> <span class='ocrx_word' id='word_1_227' title='bbox 310 3086 347 3147; x_wconf 86' lang='lat' dir='ltr'><strong>al</strong></span> <span class='ocrx_word' id='word_1_228' title='bbox 369 3088 476 3165; x_wconf 79' lang='lat' dir='ltr'><strong>longae</strong></span> <span class='ocrx_word' id='word_1_229' title='bbox 496 3089 579 3150; x_wconf 86' lang='lat' dir='ltr'><strong>iussit</strong></span> <span class='ocrx_word' id='word_1_230' title='bbox 601 3089 695 3167; x_wconf 87' lang='lat' dir='ltr'><strong>spatia</strong></span> <span class='ocrx_word' id='word_1_231' title='bbox 717 3087 813 3146; x_wconf 90' lang='lat' dir='ltr'><strong>ultima</strong></span> <span class='ocrx_word' id='word_1_232' title='bbox 836 3088 924 3146; x_wconf 84' lang='lat' dir='ltr'><strong>vitae.</strong></span> 
     </span>
    </p>
   </div>
   <div class='ocr_carea' id='block_1_7' title="bbox 7 3166 857 3250">
    <p class='ocr_par' dir='ltr' id='par_1_24' title="bbox 7 3166 857 3250">
     <span class='ocr_line' id='line_1_35' title="bbox 7 3166 857 3250; baseline -0.007 -14"><span class='ocrx_word' id='word_1_233' title='bbox 7 3209 8 3236; x_wconf 65' lang='lat' dir='ltr'><strong>t</strong></span> <span class='ocrx_word' id='word_1_234' title='bbox 125 3170 252 3231; x_wconf 81' lang='lat' dir='ltr'><strong>Exilium</strong></span> <span class='ocrx_word' id='word_1_235' title='bbox 277 3178 306 3231; x_wconf 90' lang='lat' dir='ltr'><strong>et</strong></span> <span class='ocrx_word' id='word_1_236' title='bbox 328 3187 431 3232; x_wconf 89' lang='lat' dir='ltr'><strong>carcer</strong></span> <span class='ocrx_word' id='word_1_237' title='bbox 449 3166 712 3250; x_wconf 77' lang='lat' dir='ltr'><strong>Minturnarumque</strong></span> <span class='ocrx_word' id='word_1_238' title='bbox 735 3169 857 3250; x_wconf 86' lang='lat' dir='ltr'><strong>paludes</strong></span> 
     </span>
    </p>
   </div>
   <div class='ocr_carea' id='block_1_8' title="bbox 123 3253 916 3585">
    <p class='ocr_par' dir='ltr' id='par_1_25' title="bbox 125 3253 769 3335">
     <span class='ocr_line' id='line_1_36' title="bbox 125 3253 769 3335; baseline 0 -21"><span class='ocrx_word' id='word_1_239' title='bbox 125 3253 163 3314; x_wconf 82' lang='lat' dir='ltr'><strong>Et</strong></span> <span class='ocrx_word' id='word_1_240' title='bbox 186 3254 365 3314; x_wconf 86' lang='lat' dir='ltr'><strong>mendicatus</strong></span> <span class='ocrx_word' id='word_1_241' title='bbox 385 3257 462 3316; x_wconf 81' lang='lat' dir='ltr'><strong>victa</strong></span> <span class='ocrx_word' id='word_1_242' title='bbox 490 3253 665 3332; x_wconf 79' lang='lat' dir='ltr'><strong>Carthagine</strong></span> <span class='ocrx_word' id='word_1_243' title='bbox 687 3255 769 3335; x_wconf 91' lang='lat' dir='ltr'><strong>panis</strong></span> 
     </span>
    </p>

    <p class='ocr_par' dir='ltr' id='par_1_26' title="bbox 123 3337 916 3585">
     <span class='ocr_line' id='line_1_37' title="bbox 123 3337 892 3412; baseline 0.001 -15"><span class='ocrx_word' id='word_1_244' title='bbox 123 3337 199 3398; x_wconf 90' lang='lat' dir='ltr'><strong>llinc</strong></span> <span class='ocrx_word' id='word_1_245' title='bbox 222 3355 324 3398; x_wconf 88' lang='lat' dir='ltr'><strong>causas</strong></span> <span class='ocrx_word' id='word_1_246' title='bbox 346 3338 484 3399; x_wconf 83' lang='lat' dir='ltr'><strong>habuere.</strong></span> <span class='ocrx_word' id='word_1_247' title='bbox 518 3337 592 3412; x_wconf 83' lang='lat' dir='ltr'><strong>Quid</strong></span> <span class='ocrx_word' id='word_1_248' title='bbox 613 3338 666 3400; x_wconf 91' lang='lat' dir='ltr'><strong>illo</strong></span> <span class='ocrx_word' id='word_1_249' title='bbox 691 3341 755 3399; x_wconf 89' lang='lat' dir='ltr'><strong>cive</strong></span> <span class='ocrx_word' id='word_1_250' title='bbox 777 3339 892 3400; x_wconf 83' lang='lat' dir='ltr'><strong>tulisset</strong></span> 
     </span>
     <span class='ocr_line' id='line_1_38' title="bbox 124 3419 916 3501; baseline 0.001 -21"><span class='ocrx_word' id='word_1_251' title='bbox 124 3419 234 3481; x_wconf 87' lang='lat' dir='ltr'><strong>Natura</strong></span> <span class='ocrx_word' id='word_1_252' title='bbox 259 3421 412 3498; x_wconf 85' lang='lat' dir='ltr'><strong>interris,</strong></span> <span class='ocrx_word' id='word_1_253' title='bbox 438 3422 506 3501; x_wconf 89' lang='lat' dir='ltr'><strong>quid</strong></span> <span class='ocrx_word' id='word_1_254' title='bbox 528 3421 619 3484; x_wconf 83' lang='lat' dir='ltr'><strong>Roma</strong></span> <span class='ocrx_word' id='word_1_255' title='bbox 639 3423 752 3483; x_wconf 86' lang='lat' dir='ltr'><strong>beatius</strong></span> <span class='ocrx_word' id='word_1_256' title='bbox 773 3435 916 3500; x_wconf 87' lang='lat' dir='ltr'><strong>umquam,</strong></span> 
     </span>
     <span class='ocr_line' id='line_1_39' title="bbox 124 3503 871 3585; baseline -0.001 -21"><span class='ocrx_word' id='word_1_257' title='bbox 124 3503 157 3564; x_wconf 83' lang='lat' dir='ltr'><strong>si</strong></span> <span class='ocrx_word' id='word_1_258' title='bbox 182 3503 380 3565; x_wconf 89' lang='lat' dir='ltr'><strong>circumducto</strong></span> <span class='ocrx_word' id='word_1_259' title='bbox 404 3508 582 3585; x_wconf 87' lang='lat' dir='ltr'><strong>captivorum</strong></span> <span class='ocrx_word' id='word_1_260' title='bbox 604 3509 717 3584; x_wconf 78' lang='lat' dir='ltr'><strong>agmine</strong></span> <span class='ocrx_word' id='word_1_261' title='bbox 741 3515 770 3566; x_wconf 85' lang='lat' dir='ltr'><strong>et</strong></span> <span class='ocrx_word' id='word_1_262' title='bbox 795 3505 871 3564; x_wconf 88' lang='lat' dir='ltr'><strong>omni</strong></span> 
     </span>
    </p>
   </div>
   <div class='ocr_carea' id='block_1_9' title="bbox 0 0 1308 3946">
    <p class='ocr_par' dir='ltr' id='par_1_27' title="bbox 0 0 1308 3946">
     <span class='ocr_line' id='line_1_40' title="bbox 0 0 1308 3946; baseline 0 0"><span class='ocrx_word' id='word_1_263' title='bbox 0 0 1308 3946; x_wconf 95' lang='lat' dir='ltr'><strong> </strong></span> 
     </span>
    </p>
   </div>
  </div>
 </body>
</html>
