2590 3946
507 248 631 296 snum
652 250 723 296 xiv.
1065 241 1104 301 97
1169 305 1171 308 ,

122 389 306 466 Flagrantem
329 386 387 446 late
410 397 438 446 et
461 387 621 466 rapientem
645 394 747 448 cuncta
768 386 892 463 videbis,
1054 400 1107 454 245

122 473 185 532 Nec
207 471 257 530 tibi
280 479 417 551 parcetur
440 472 563 546 misero,
589 470 791 548 trepidumque
813 471 980 549 magistrum

121 557 155 615 in
177 573 266 616 cavea
288 570 392 631 magno
416 553 530 614 fremitu
555 553 603 614 leo
626 552 711 613 tollet
735 553 873 613 alumnus.

122 638 198 699 Nota
219 637 428 698 mathematicis
451 639 570 713 genesis
592 647 655 704 tua;
679 637 732 696 sed
753 655 844 714 grave
867 637 963 698 tardas

122 723 305 800 Exspectare
330 719 428 780 colus:
451 721 584 780 morieris
606 721 728 779 stamine
749 719 874 782 nondum

123 805 267 882 Abrupto.
301 802 359 864 lam
385 820 460 863 nunc
483 803 583 864 obstas
613 812 642 861 et
667 811 735 862 vota
758 804 889 877 moraris,
1054 817 1107 867 250

123 889 182 948 lam
208 896 326 964 torquet
347 889 479 946 iuvenem
503 886 591 964 longa
613 895 643 945 et
666 887 781 946 cervina
805 894 952 948 senectus.

124 971 212 1031 Ocius
236 969 423 1046 Archigenen
444 987 554 1048 quaere
576 978 662 1047 atque
687 987 751 1028 eme
773 969 850 1047 quod
873 967 1051 1030 Mithridates

125 1053 310 1133 Composuit,
334 1055 359 1112 si
382 1055 426 1112 vis
448 1052 532 1112 aliam
553 1051 717 1129 decerpere
738 1052 824 1111 ficum
940 1075 943 1081 ·

125 1139 221 1216 Atque
244 1135 315 1196 alias
337 1143 464 1196 tractare
487 1152 580 1195 rosas.
613 1133 793 1195 Medicameu
814 1133 975 1196 habendum
997 1145 1051 1211 est,

12 1283 13 1312 ἱ
124 1220 252 1282 Sorbere
274 1228 339 1278 ante
364 1218 458 1278 cibum
480 1219 558 1298 quod
581 1217 686 1279 debeat
707 1227 737 1278 et
758 1227 842 1295 pater
864 1227 894 1278 et
915 1236 978 1278 rex.
1055 1231 1106 1282 255

166 1303 297 1363 Monstro
320 1301 499 1381 voluptatem
521 1303 686 1378 egregiam,
711 1304 756 1360 cui
776 1300 858 1360 nulia
885 1301 1007 1377 theatra,

123 1386 209 1450 Nulla
233 1403 360 1464 aequare
385 1403 475 1464 queas
497 1386 642 1464 praetoris
665 1383 775 1464 pulpita
796 1384 876 1460 lauti,

124 1472 155 1530 Si
180 1477 316 1549 spectes,
343 1478 449 1547 quanto
473 1469 577 1548 capitis
599 1469 764 1529 discrimine
788 1476 922 1527 constent

124 1553 304 1613 incrementa
331 1552 449 1629 domus,
473 1561 571 1613 aerata
593 1551 699 1612 multus
720 1553 749 1610 in
772 1568 840 1610 arca

122 1637 226 1696 Fiscus
249 1645 279 1694 et
302 1635 337 1694 ad
358 1636 476 1712 vigilem
498 1635 623 1714 ponendi
646 1633 769 1696 Castora
791 1635 905 1710 nummi,
1055 1644 1108 1698 260

124 1719 170 1780 Ex
191 1736 249 1798 quo
274 1717 351 1778 Mars
372 1719 451 1778 ultor
472 1719 585 1795 galeam
608 1735 725 1796 quoque
749 1717 874 1795 perdidit
895 1725 924 1776 et
945 1735 993 1776 res

123 1802 190 1862 Non
213 1803 305 1880 potuit
328 1819 448 1861 servare
468 1819 544 1860 suas.
576 1800 656 1877 Ergo
680 1801 775 1859 omnia
796 1798 902 1861 Florae

124 1885 161 1946 Et
184 1884 302 1944 Cereris
326 1884 396 1943 licet
417 1892 446 1943 et
468 1881 594 1958 Cybeles
618 1883 719 1944 aulaea
740 1881 906 1961 relinquas;

125 1969 216 2030 Tanto
238 1968 364 2028 maiores
386 1967 507 2026 humana
529 1969 647 2045 negotia
669 1966 737 2027 iudi.

125 2052 171 2113 An
192 2053 283 2128 magis
308 2051 457 2111 oblectant
477 2051 598 2110 animum
620 2051 725 2110 iactata
748 2058 870 2128 petauro
1056 2059 1107 2112 265

126 2134 258 2214 Corpora
281 2135 387 2213 quique
410 2133 488 2193 solet
508 2142 619 2193 rectum
642 2132 824 2194 descendere
845 2132 952 2208 funem,

125 2219 216 2293 Quam
242 2228 288 2292 tu,
312 2206 437 2291 Corycia
463 2235 579 2296 semper
601 2215 650 2296 qui
672 2235 770 2296 puppe
796 2217 917 2277 moraris

125 2304 222 2380 Atque
245 2300 372 2375 habitas,
396 2317 467 2360 coro
491 2318 607 2380 semper
629 2299 775 2361 tollendus
799 2308 957 2376 aiamim,

127 2386 271 2464 [Perditus
295 2403 330 2445 ac
350 2383 416 2444 vilis
439 2387 519 2445 sacci
542 2393 687 2444 mercator
709 2381 838 2461 cientis]

127 2469 183 2542 Qui
205 2467 315 2544 gaudes
338 2469 446 2547 pingue
469 2469 602 2545 antiquae
629 2467 664 2527 de
688 2467 775 2527 litore
799 2463 904 2525 Cretae
1056 2473 1109 2529 bio

126 2552 244 2612 Passum
267 2561 296 2610 et
316 2552 476 2628 municipes
498 2549 576 2610 lovis
599 2550 753 2612 advexisse
777 2545 920 2626 lagonas?

126 2634 181 2694 Hic
203 2643 297 2694 tamen
319 2635 437 2712 ancipiti
463 2633 556 2711 iigens
578 2635 703 2712 vestigia
724 2633 838 2712 planta.

125 2718 240 2778 Victum
256 2718 306 2779 illa
327 2717 464 2778 mercede
486 2727 569 2796 parat
587 2717 773 2796 brumamque
794 2717 957 2794 famemque

127 2800 180 2860 llla
203 2808 282 2859 reste
304 2809 402 2860 cavet:
426 2810 456 2860 tu
478 2811 600 2880 propter
621 2801 700 2862 mille
720 2801 827 2862 talenta

126 2883 165 2942 Et
187 2892 299 2943 centum
319 2884 405 2945 villas
428 2887 610 2945 temerarius.
644 2886 754 2964 Aspice
776 2893 877 2962 portus
1058 2891 1110 2945 275

127 2966 165 3026 Et
186 2967 304 3046 plenum
326 2970 436 3044 magnis
460 2967 588 3028 trabibus
612 2986 706 3028 mare:
734 2966 798 3046 plus
821 2966 964 3026 hominum
987 2975 1032 3024 est
1055 2967 1108 3024 iam

127 3048 159 3108 ln
180 3049 304 3128 pelago;
327 3052 425 3112 veniet
446 3050 566 3125 classis,
591 3067 773 3130 quocumque
795 3051 908 3109 vocarit

129 3135 204 3211 Spes
229 3133 321 3208 lucri,
346 3151 401 3192 nec
424 3129 607 3213 Carpathium
630 3132 810 3210 Gaetulaque
833 3140 939 3192 tantum

129 3215 268 3294 Aequora
291 3217 449 3292 transiliet,
475 3217 527 3276 sed
551 3215 638 3294 longe
665 3214 757 3293 Calpe
780 3214 883 3275 relicta

130 3299 236 3359 Audiet
256 3298 403 3361 herculeo
430 3300 599 3360 stridentem
620 3300 735 3376 gurgite
760 3297 862 3358 solem.
1058 3307 1114 3361 280

129 3381 243 3443 Grande
267 3399 376 3460 operae
402 3383 525 3462 pretium
548 3391 610 3458 esi,
634 3391 664 3442 ut
688 3390 772 3441 tenso
794 3380 868 3442 iolle
890 3381 997 3440 reverti

128 3463 198 3525 inde
222 3465 335 3526 domum
356 3467 454 3544 possis
477 3465 641 3545 tumidaque
665 3464 807 3544 superbus
831 3463 906 3524 aluta

169 3568 225 3607 lov.
242 3569 300 3608 SAT.
