2590 3946
527 245 563 291 1).
586 243 656 291 IUN.
678 239 864 292 munitatis

519 443 853 541 sauronam

194 593 312 696 Natali,
339 617 481 695 Cortice,
506 618 554 680 die
573 620 641 681 mibi
665 620 778 682 dulcior
801 619 876 682 baec
901 619 961 697 lux,

195 708 260 783 Qua
282 704 373 764 festus
395 703 539 783 promissa
563 702 624 764 deis
647 704 778 764 animalia
800 721 907 783 cespes

195 791 367 869 Exspectat.
399 785 520 848 Nireum
541 788 661 864 reginae
685 787 814 848 ducimus
836 803 949 865 agnam,

194 877 250 938 l’ar
271 871 366 933 vellus
389 869 504 932 dabitur
524 873 661 949 pugnanti
683 869 820 949 Gorgone
840 869 954 939 blaura;
1283 929 1284 932 ,

195 959 255 1020 Sed
276 955 380 1036 procul
402 962 553 1015 extensum
578 954 712 1032 petulans
734 955 824 1034 qrratit
845 953 939 1015 hostia
960 954 1055 1014 funem
1162 966 1178 1017 5
1283 1023 1284 1028 γ

195 1041 321 1120 l'arpeio
344 1047 459 1100 servata
482 1037 547 1101 lovi
570 1037 755 1118 frontemque
775 1047 922 1115 coruscat,

196 1127 312 1203 Quippe
337 1123 423 1183 ieron
444 1122 570 1199 vitulus,
600 1122 714 1202 templis
738 1131 865 1184 maturus
888 1131 917 1182 et
943 1140 1011 1183 arae

195 1206 445 1289 spargendusque
470 1224 569 1282 mero,
592 1224 678 1285 quem
700 1207 754 1267 ianr
776 1205 868 1285 pudet
887 1204 980 1268 ubera
1001 1208 1098 1268 matris

195 1292 330 1367 Ducere,
357 1291 405 1368 qui
425 1298 513 1350 vexat
534 1292 665 1350 nascenti
687 1289 794 1350 robora
817 1305 915 1349 cornu.

195 1377 225 1436 Si
249 1392 297 1434 res
321 1373 415 1451 ampla
439 1373 514 1432 domi
535 1372 694 1451 similisque
718 1372 869 1433 affectibus
892 1382 982 1450 esset,
1147 1387 1179 1438 ιο

195 1459 332 1536 Pinguior
353 1455 485 1534 Hispulla
507 1455 669 1517 traheretur
690 1465 789 1516 taurus
813 1464 843 1516 et
865 1456 929 1535 ipsa

194 1539 273 1601 blole
296 1541 381 1618 piger
402 1557 457 1599 nec
480 1539 595 1600 linitima
616 1540 737 1600 nutritus
759 1541 787 1600 in
809 1538 911 1614 barba,

195 1624 282 1684 Laeta
305 1622 358 1682 sed
381 1623 538 1682 ostendens
562 1619 696 1686 Clitumni
718 1640 827 1701 pascua
854 1623 971 1700 sanguis

195 1707 254 1768 lret
276 1714 306 1766 et
328 1724 343 1766 a
365 1705 466 1783 grandi
490 1707 591 1766 cervix
613 1706 744 1768 ferienda
768 1707 908 1782 ministro,

195 1789 240 1851 0b
262 1790 384 1851 reditum
406 1790 577 1869 trepidantis
600 1789 692 1852 adhuc
713 1789 914 1868 horrendaque
937 1791 1016 1868 passi
1146 1805 1178 1855 15

195 1874 296 1953 Nuper
318 1882 347 1933 et
369 1872 542 1934 incolumem
565 1891 633 1934 sese
654 1875 781 1934 mirantis
803 1874 895 1935 amici.

194 1957 267 2020 Nam
288 1965 406 2036 praeter
430 1957 529 2037 pelagi
552 1975 636 2018 casus
660 1967 690 2018 et
713 1957 836 2018 fulminis
858 1957 931 2016 ictus

194 2040 311 2101 Evasit:
346 2040 454 2101 densae
478 2040 593 2102 coelum
616 2041 797 2102 abscondere
824 2039 963 2100 tenebrae

194 2123 278 2185 Nube
304 2141 359 2186 nna
386 2123 556 2204 subitusque
579 2133 726 2186 antemnas
749 2123 861 2204 impulit
883 2125 969 2201 iguis,

196 2205 289 2282 Quum
312 2225 346 2266 se
369 2209 490 2286 purisque
514 2209 569 2284 illo
587 2226 757 2287 percussum
781 2207 916 2268 crederet
942 2218 971 2268 et
991 2225 1059 2268 mon

197 2291 342 2351 Attonitus
367 2290 473 2352 nullum
497 2291 624 2352 conferri
645 2309 735 2371 posse
759 2300 874 2371 putaret

194 2371 381 2451 Naufragium
404 2375 477 2434 velis
500 2376 675 2437 ardentibus.
711 2372 811 2436 Omnia
834 2375 903 2436 liunt

195 2456 293 2533 Talia,
317 2467 372 2518 tam
395 2460 540 2536 graviter,
562 2461 587 2519 si
610 2459 723 2539 quando
743 2459 861 2538 poetica
882 2461 974 2537 surgit

195 2540 378 2621 Tempestas.
414 2540 510 2604 Genus
532 2561 604 2603 ecce
627 2543 703 2604 aliud
726 2543 896 2608 discriminis
919 2542 983 2603 audi

195 2623 232 2684 llt
254 2627 395 2684 miserere
416 2626 535 2703 iterum,
559 2644 728 2704 quamquam
752 2629 806 2688 sint
830 2635 929 2687 cetera
952 2627 1041 2686 sortis
1165 2640 1174 2652 ·

195 2705 333 2769 Eiusdem
356 2726 424 2787 pars
446 2709 507 2770 dira
529 2710 663 2788 quidem,
687 2711 740 2769 sed
765 2711 880 2786 cognita
904 2709 999 2769 multis

195 2790 232 2851 itt
255 2809 337 2870 quarn
360 2791 457 2851 votiva
480 2799 620 2850 testantur
642 2791 707 2850 lana
731 2792 840 2851 tabella

196 2873 335 2943 Plurima;
358 2874 486 2952 pictores
509 2873 572 2952 quis
595 2874 688 2933 nescit
711 2872 746 2932 ab
769 2871 846 2932 lside
869 2873 972 2951 pasci?

196 2957 311 3018 Accidit
336 2966 365 3014 et
385 2964 486 3016 nostro
510 2955 610 3016 similis
635 2956 747 3017 fortuna
771 2953 894 3017 Catullo.

196 3039 288 3114 Quum
310 3038 413 3117 plenus
436 3037 523 3101 ductu
544 3039 654 3101 medius
673 3040 750 3101 ioret
771 3039 871 3100 alveus
895 3050 925 3101 et
945 3043 1009 3120 iam,

196 3123 345 3183 Alternum
369 3124 474 3202 puppis
498 3124 572 3185 latus
599 3124 796 3185 evertentibus
821 3123 903 3184 undis

198 3206 319 3266 Arboris
342 3207 487 3285 incertae,
509 3207 614 3270 nullam
639 3209 789 3287 prudentia
811 3209 874 3269 cani

197 3289 330 3350 Rectoris
352 3290 501 3351 conferret
522 3309 623 3370 opem,
648 3292 786 3354 decidere
808 3292 883 3352 iactu

197 3371 302 3452 Coepit
325 3392 388 3435 cum
410 3377 520 3452 uentis,
543 3377 667 3436 unitatus
691 3384 823 3452 castora,
851 3377 898 3454 qui
922 3394 954 3436 se
1069 3372 1072 3378 ’

196 3456 362 3518 Eurnuchum
385 3459 449 3540 ipse
473 3459 558 3537 fucit,
585 3461 704 3540 cupiens
728 3459 853 3521 evadere
877 3459 979 3520 damno
