2590 3946
217 243 259 306 62
406 265 414 276 ν
549 250 585 297 o.
608 249 679 297 surr.
703 248 899 297 ruvunsnssu

216 391 368 455 Pascendi.
403 389 479 464 Quid
501 406 585 465 agam
608 387 708 447 bruma
730 384 878 466 spirante?
903 388 986 466 quid,
1010 405 1076 466 oro,

218 476 294 551 Quid
316 475 409 536 dicam
434 471 563 551 scapulis
576 487 742 560 puerorum
765 471 902 548 aquilone
923 469 1083 533 Decembri

217 559 254 621 Et
276 553 421 638 pedihus?
443 556 544 616 durate
566 563 653 632 utque
674 562 846 633 exspectate
870 551 1009 616 cicedasl

217 642 341 718 Verum,
366 649 397 703 ut
418 637 599 714 dissimules,
625 646 655 697 ut
676 638 772 696 mittas
793 646 911 712 cetera,
935 647 1041 716 quanto
1171 648 1207 704 70

217 725 327 786 llctiris
349 724 461 803 pretio,
484 720 578 800 quod,
600 721 628 779 ni
650 720 702 780 tibi
724 719 838 780 deditus
861 737 958 781 essem

217 809 408 886 Devotusque
431 805 540 881 cliens,
564 820 638 864 uxor
659 811 707 862 tua
728 802 812 888 virgo
836 801 987 865 maneret?

218 893 285 953 Scis
307 900 405 967 certe,
433 889 536 968 quibus
560 888 615 947 ista
637 886 746 962 modis,
769 903 853 964 quam
877 904 967 965 saepe
990 890 1105 967 rogaris

217 974 255 1035 llt
277 993 352 1056 quae
376 972 534 1054 pollicitus.
569 967 739 1048 Fugientem
761 986 852 1048 saepe
874 970 1000 1049 puellam

218 1059 365 1136 Amplexu
388 1055 486 1135 rapui;
508 1054 621 1117 tabulas
643 1069 760 1133 quoque
782 1061 902 1132 ruperat
924 1063 953 1114 et
975 1056 1029 1115 iam
1171 1067 1206 1124 75

220 1141 374 1220 Signabat3
402 1148 462 1204 tote
487 1140 536 1200 vix
560 1137 619 1198 lroc
641 1153 698 1216 ego
724 1145 812 1197 nocte
834 1135 955 1213 redemi,

218 1223 262 1286 'le
291 1223 424 1304 plorante
447 1223 533 1283 loris:
576 1222 658 1280 testis
679 1218 747 1279 milri
772 1219 898 1281 lectulus
920 1230 950 1280 et
971 1231 1011 1297 tu,

219 1309 265 1370 Ad
289 1325 375 1386 quem
398 1306 532 1385 pervenit
553 1303 622 1363 lecti
646 1319 735 1362 sonus
758 1310 788 1364 et
809 1304 942 1365 dominae
963 1322 1032 1365 ron.

219 1390 358 1453 lustalsile
382 1407 416 1449 ac
439 1388 531 1448 dirimi
552 1395 687 1464 coeptum
712 1395 741 1446 et
762 1386 818 1447 iam
842 1405 937 1465 paene
960 1387 1083 1450 solutum

221 1473 393 1551 Coniugium
414 1473 444 1534 iu
464 1469 559 1530 multis
582 1468 714 1530 domibus
736 1472 863 1538 servavit
884 1471 1006 1532 adulter.
1170 1482 1208 1536 80

221 1556 287 1630 Quo
307 1565 338 1617 te
361 1551 563 1630 circumagasl
585 1569 660 1630 quae
682 1553 774 1631 prima
794 1561 843 1613 aut
863 1553 960 1616 ultima
982 1552 1096 1633 ponasl

219 1639 335 1701 Nullum
360 1655 432 1716 crgo
456 1639 588 1696 meritum
612 1643 674 1711 est,
700 1637 812 1713 ingrate
836 1654 872 1697 ac
890 1636 1020 1716 perlide,
1043 1638 1162 1715 nullum,

222 1723 308 1797 Quod
329 1721 380 1782 tibi
403 1719 510 1781 liliolus
531 1719 581 1779 vel
604 1719 661 1781 iilia
685 1721 814 1780 nascitur
836 1738 874 1779 ex
894 1717 962 1780 mel

221 1806 314 1868 'l'ollis
341 1805 416 1865 enim
439 1813 469 1864 et
489 1803 572 1863 libris
595 1811 725 1864 ectorum
748 1820 890 1882 spargere
912 1803 1023 1881 gaudes

220 1891 399 1968 Argumenta
418 1889 482 1948 uiri.
514 1885 639 1947 Foribus
663 1887 810 1964 suspende
833 1903 968 1962 corones,
1171 1897 1209 1953 os

220 1974 280 2034 lam
302 1980 386 2052 pater
410 1989 458 2034 es:
481 1969 628 2046 dedimus,
653 1969 730 2049 quod
754 1969 847 2031 ianuae
869 1987 1021 2050 opponere
1040 1970 1153 2049 possis;

221 2056 285 2117 lura
306 2057 435 2135 parentis
457 2053 566 2131 habes,
589 2061 713 2133 propter
733 2071 779 2113 me
805 2053 944 2115 scriberis
967 2052 1066 2130 lueres,

220 2139 361 2217 Legatum
381 2155 465 2200 omne
485 2139 583 2217 capis,
603 2154 661 2197 uec
680 2153 739 2197 uou
762 2145 791 2196 et
814 2137 899 2198 dulce
924 2137 1071 2198 caducum.

223 2221 382 2284 Commoda
404 2230 560 2301 praeterea
581 2221 735 2298 iungentur
755 2219 844 2280 multa
865 2221 994 2296 caducis,

222 2309 253 2368 Si
275 2323 437 2382 numerum,
460 2307 485 2365 si
505 2313 566 2366 tres
589 2303 786 2382 implevero.“
824 2302 902 2364 lusia
922 2303 1045 2380 doloris,
1173 2314 1210 2368 90

222 2389 370 2465 Naevole,
395 2407 483 2450 causa
505 2389 559 2457 tui;
588 2395 687 2449 contra
710 2395 805 2448 tamen
828 2386 878 2448 ille
901 2387 969 2467 quid
989 2385 1093 2448 affert?

265 2471 429 2550 „Neglcgit
443 2482 529 2551 etque
551 2470 638 2532 alium
659 2471 797 2550 bipedem
818 2471 875 2532 sibi
897 2472 1011 2551 quaerit
1032 2470 1164 2532 asellum.

223 2557 304 2619 llaec
328 2555 385 2617 soli
410 2557 563 2617 commissu
585 2556 637 2616 tibi
660 2556 760 2616 celare
782 2565 937 2632 memento,

223 2640 261 2702 Et
283 2641 387 2701 tacitus
400 2649 524 2700 nostras
545 2640 623 2700 iutra·
639 2647 669 2699 te
692 2638 750 2715 lige
774 2638 934 2718 querellam

222 2723 296 2786 Nem
317 2742 367 2784 res
388 2724 537 2784 mortifera
562 2729 608 2782 est
634 2722 765 2782 iuimicus
786 2723 900 2800 pumice
921 2721 1007 2780 levis.
1175 2731 1210 2784 95

225 2808 281 2882 Qui
302 2808 390 2868 modo
413 2815 557 2868 secretum
579 2805 777 2879 commiserat,
800 2804 884 2865 ardet
902 2812 932 2862 et
954 2801 1024 2878 odit,

225 2892 380 2973 Tamquam
401 2881 593 2968 prodiderim,
618 2886 756 2965 quidquid
778 2888 851 2948 scio.
889 2887 1010 2947 Sumere
1033 2886 1152 2964 ferrum,

223 2975 312 3036 Fuste
339 2974 454 3051 aperire
477 2979 578 3050 caput,
604 2969 752 3030 caudelam
778 2987 929 3049 apponere
952 2967 1045 3030 velnis

224 3058 290 3119 Non
312 3055 436 3124 dubitem
464 3073 520 3114 nec
543 3062 709 3114 contemnas
732 3063 780 3114 aut
800 3053 966 3133 despicias,
994 3052 1071 3132 quod

224 3142 276 3203 llis
296 3137 401 3218 opibus
423 3155 576 3217 numquam
601 3155 669 3200 cara
689 3146 734 3198 est
755 3155 867 3200 annona
889 3138 1004 3199 veneni.
1160 3147 1213 3199 100

90 3227 102 3248 ‘⁸
168 3291 172 3298 ,
224 3225 306 3303 Ergo
329 3220 445 3282 occultu
467 3232 569 3300 teges,
590 3230 621 3281 ut
642 3221 720 3282 curie
739 3219 838 3282 llartis
859 3220 1017 3282 Athenis.“

227 3304 428 3383 OGorydou,
456 3303 610 3382 (iorydon,
630 3314 781 3364 secretum
804 3305 900 3366 divitis
923 3303 1012 3365 ullum

226 3391 302 3452 Esse
324 3387 433 3469 putasl
460 3392 539 3450 serui
560 3398 591 3450 ut
611 3396 745 3466 taceant,
772 3389 898 3450 iumenta
919 3387 1085 3466 loquentur,

225 3473 263 3536 lit
285 3474 364 3536 canis
385 3481 414 3535 et
435 3483 537 3555 postes
558 3481 589 3534 ct
610 3489 761 3536 marmora.
796 3470 907 3534 claude
928 3472 1084 3546 fenestras,
