2582 3950
209 269 257 310 xx
594 265 802 316 veteranio.

205 397 262 464 sum
272 415 379 476 metuat,
392 425 421 467 au
433 411 457 466 id
471 411 651 468 laudamentum
661 413 751 485 eligat,
770 411 839 468 cuius
848 411 921 465 etiam
932 410 1081 482 corruptelae
1092 425 1182 469 meram
1277 405 1278 440 ³

206 492 372 564 antiquitatem
381 496 481 566 sapiant,
493 509 539 550 nec
548 509 649 551 numero
660 496 756 551 illerum
765 509 811 550 nec
820 492 921 549 blandae
930 493 1020 562 speciei
1029 493 1128 550 concedi
1141 496 1184 550 de-

205 576 254 639 bet,
269 584 297 630 ut
305 577 423 648 singulari
435 578 507 633 huius
515 579 674 649 praestantiae
684 585 709 634 et
718 577 773 633 fidei
783 577 939 648 praeferatur.
969 577 1042 648 htqui
1051 591 1104 632 rara
1115 577 1185 633 bare-

205 660 370 718 ualisiortuna
383 661 474 716 lactum
492 666 542 725 est,
561 663 619 718 utis
632 661 723 725 codex,
738 675 810 732 quem
825 659 905 715 solum
914 659 960 743 hoc
971 660 1116 732 integritatis
1126 669 1185 718 uota

206 744 324 798 excellere
333 744 382 800 dixi
392 792 398 810 ,
417 761 448 800 ex
457 745 563 801 Rudeosi
573 745 687 801 Matthiae
697 743 794 800 Coruini
809 742 954 800 bibliotheca
971 743 1080 801 sublatam
1089 750 1184 799 mature

205 826 407 884 inPetriPithnei
423 845 508 884 manus
517 830 665 898 perveniret,
684 830 726 900 qui
741 827 848 883 eiusdem
866 841 912 897 ope
928 828 953 881 in
964 827 1068 882 editiom
1078 826 1183 883 Parisino

205 915 274 969 1585
288 918 376 981 poetae
391 914 464 968 verba
480 913 513 967 ita
529 913 665 977 recensuit,
683 919 710 967 ιι
731 912 802 967 huius
824 911 970 966 recensionis
989 911 1119 966 auctoritas
1140 927 1183 982 per

205 995 322 1051 ducentos
337 997 440 1066 amplius
456 1011 532 1051 annos
547 996 598 1050 fere
615 997 667 1051 sola
683 997 708 1051 in
717 994 828 1050 Iuvenale
839 993 956 1067 hegnaret
971 1009 1074 1066 cumque
1084 995 1183 1050 internis

205 1078 301 1133 dotibus
310 1080 381 1134 etiam
393 1080 512 1150 negatae,
524 1093 585 1150 quae
595 1080 694 1143 dicitur,
706 1081 772 1136 velut
784 1079 996 1149 praescriptionem
1010 1079 1182 1150 coniungeret;

204 1176 250 1216 uec
260 1163 340 1217 uinus
352 1169 449 1234 gratum
458 1163 477 1220 L
490 1163 519 1218 b.
530 1162 637 1218 Crameri
646 1164 769 1219 inventum
779 1163 833 1231 luit,
844 1163 885 1235 qni
895 1162 1025 1218 eemndem
1036 1160 1182 1218 scholiorum

204 1245 324 1316 genuinae
344 1247 469 1302 venstatis
478 1247 686 1304 commendatione
702 1247 884 1318 praestantium,
901 1261 1004 1318 quorum
1025 1246 1182 1316 paroemiam
1277 1249 1278 1311 ζ

205 1329 396 1400 Georgiusl'alla
407 1331 578 1387 commentario
588 1347 633 1387 suo
643 1331 726 1387 venet.
739 1334 807 1390 1486
818 1331 962 1395 inseruerat,
979 1330 1086 1401 pleniora
1102 1336 1182 1386 antem
1277 1317 1278 1383 i

204 1427 235 1467 er
249 1427 294 1467 suo
306 1413 389 1469 codice
399 1414 514 1471 Pithoeus
529 1415 678 1483 subiecerat,
696 1416 820 1486 integrum
830 1415 951 1484 exemplar
968 1429 999 1468 ex
1008 1413 1067 1472 bibl.
1080 1413 1182 1486 Sangal-

202 1497 297 1554 lensia.
310 1502 378 1556 1823
389 1499 476 1561 edidit;
490 1500 555 1570 quod
565 1499 611 1554 uisi
620 1499 786 1570 intempestiva
797 1499 936 1554 criticorum
946 1497 1052 1553 sollertia
1062 1498 1108 1556 sub
1118 1498 1181 1553 idem

203 1587 299 1650 tempus
315 1595 389 1636 noras
404 1583 487 1638 turbas
502 1585 630 1648 movisset,
648 1583 696 1637 iam
711 1589 764 1638 tum
776 1589 843 1638 recta
860 1581 890 1637 ad
906 1582 1041 1637 luveualem
1058 1582 1183 1637 emendate

203 1664 333 1736 legendum
344 1667 382 1720 via
391 1667 496 1736 patebat.
525 1668 556 1721 dt
566 1668 630 1722 euim
640 1667 704 1738 quod
715 1682 787 1738 saepe
796 1682 835 1722 res
844 1666 906 1720 bene
917 1667 1067 1722 constitutae
1074 1672 1181 1722 erotem

203 1749 352 1817 experimur,
373 1757 400 1806 ut
416 1751 479 1806 mala
488 1751 614 1807 hominum
629 1751 757 1818 sedulitas,
775 1751 833 1806 dum
844 1750 916 1805 etiam
927 1750 1039 1805 meliores
1050 1749 1129 1804 iacere
1139 1764 1183 1804 cn-

201 1832 270 1902 pieus
281 1833 386 1889 remedia
395 1835 564 1906 circumspicit,
577 1837 628 1906 ipsa
638 1835 724 1890 hcmm
735 1836 759 1889 vi
770 1836 885 1891 obruatur
895 1841 920 1888 et
931 1834 1028 1905 caliget,
1039 1834 1063 1887 iu
1071 1833 1183 1888 Iuvenale

202 1931 298 1987 quoque
309 1917 395 1973 accidit
405 1938 412 1981 ;
429 1919 498 1974 cuins
509 1934 583 1991 quum
594 1925 632 1974 tot
642 1919 737 1975 codices
748 1925 807 1990 quot
816 1919 857 1972 vix
868 1918 941 1974 ullius
951 1917 1048 1972 alterius
1058 1917 1182 1986 scriptoris

202 2002 227 2054 iu
244 1999 396 2057 bibliothecis
414 2011 553 2068 serventur,
572 2004 659 2059 horum
675 2004 820 2058 lectionibus
830 2000 974 2074 religendis
984 2000 1182 2071 conferendisqne

201 2083 344 2155 humulus,
356 2085 515 2155 Acbaiutrius‚
525 2087 690 2151 Hermobius,
703 2087 760 2142 dum
771 2087 890 2156 comuptis
903 2085 963 2140 locis
972 2084 1089 2139 medelam
1099 2098 1182 2154 parare

201 2168 246 2223 sibi
256 2169 404 2233 videbantur,
415 2170 479 2226 band
488 2187 543 2227 raro
552 2178 577 2226 et
587 2172 633 2244 ipsi
642 2187 714 2226 sanes
724 2175 882 2242 corruperunt
890 2176 914 2224 et
924 2170 977 2224 aliis
988 2175 1097 2222 auctores
1108 2168 1182 2221 exsti·

203 2259 298 2317 terrant,
311 2260 339 2308 ιιι
358 2261 400 2308 aut
410 2270 510 2310 numero
521 2257 620 2311 testium
631 2262 673 2311 aut
683 2270 727 2310 suo
742 2254 900 2326 qualicunque
911 2252 999 2307 iudicio
1011 2251 1065 2306 ireti
1085 2266 1129 2320 pro
1145 2253 1188 2304 iu·-

201 2345 271 2408 tegra
288 2344 375 2406 poetae
392 2339 499 2394 omtioue
516 2354 569 2396 eam
585 2338 747 2404 venditarent,
765 2351 837 2409 qnam
852 2349 883 2390 en
899 2334 1024 2390 temeraria
1039 2335 1112 2389 medii
1130 2335 1181 2389 aeri

201 2421 386 2490 interpolatione
398 2423 503 2479 deterius
513 2424 629 2480 librorum
638 2437 716 2494 genus
727 2418 985 2490 occupassevidimus3
996 2433 1181 2490 quemquamne

200 2504 249 2559 boc
259 2506 357 2576 quidem
368 2507 393 2561 in
404 2521 495 2578 genere
506 2508 539 2562 ita
548 2508 594 2563 sibi
608 2505 779 2569 constiterunt,
792 2510 834 2573 ut,
844 2503 909 2575 quod
921 2503 1025 2575 aliquem
1035 2513 1100 2557 certe
1111 2517 1180 2557 usuur

201 2589 362 2658 praebuisset,
382 2605 413 2645 ex
423 2605 513 2664 magua
524 2591 668 2648 deteriorum
678 2588 810 2644 lectionum
821 2587 1118 2659 copiaeampotbrimum
1129 2600 1181 2639 ver-

201 2673 287 2729 borum
299 2676 513 2731 conformationem
524 2675 660 2736 elicerent,
678 2685 739 2743 quae
749 2671 899 2741 corruptelae
916 2677 989 2740 caput
999 2677 1025 2724 et
1035 2670 1091 2726 fons
1100 2669 1182 2725 baberi

200 2764 297 2827 posset,
314 2757 357 2814 sed
373 2775 421 2831 quo
439 2760 537 2831 propius
555 2772 582 2813 se
599 2756 694 2811 illamm
713 2769 759 2826 ope
769 2754 799 2810 ad
814 2755 865 2824 ipsa
881 2760 969 2825 poetae
984 2752 1057 2807 verba
1067 2752 1182 2808 accedere

199 2842 333 2911 sperabant,
347 2858 376 2898 eo
387 2843 505 2899 minorem
515 2856 585 2898 verae
595 2840 744 2910 corruptelae
753 2838 914 2909 suspicionem
924 2835 1076 2894 adhibebant
1094 2835 1182 2892 Fausto

200 2925 275 2996 igitur
292 2942 349 2982 casu
366 2927 478 2998 contigit,
488 2933 516 2981 nt
528 2924 611 2982 Ottoui
621 2923 710 2988 labnio,
722 2937 795 2994 quem
805 2923 853 2977 iam
864 2923 889 2977 in
900 2921 974 2976 Persii
987 2921 1092 2977 editione
1101 2935 1182 2976 reram

200 3009 312 3066 codicum
319 3010 546 3067 conditionemsauo
556 3008 644 3064 iurlicio
650 3007 800 3062 existimasse
809 3006 867 3074 disi,
874 3006 994 3084 insperata
1005 3003 1182 3076 ipsiusPithce·

199 3094 238 3149 ani
248 3095 278 3150 ab
288 3096 385 3168 integro
402 3093 556 3164 comparandi
566 3092 661 3148 occasio
678 3090 816 3154 ctionem
827 3103 899 3162 quem
909 3090 1181 3162 qnnmetiama.1847

200 3187 321 3250 tamquam
336 3178 452 3234 amissum
467 3177 643 3248 deplorassem‚
662 3189 719 3230 ntor
741 3175 805 3230 ielici
821 3173 927 3230 lltbneri
949 3173 1064 3230 industria
1080 3173 1105 3226 iu
1120 3170 1180 3226 bibl.

199 3262 407 3334 hloutepoesulaua
423 3260 564 3332 indagatum
581 3260 706 3332 doctisque
723 3259 807 3316 usibus
829 3259 949 3314 redditum
966 3273 1020 3314 esse
1032 3262 1182 3328 compertum

199 3353 250 3408 est3
260 3346 379 3416 huiusque
388 3344 495 3401 subsidio
506 3343 555 3400 iam
564 3346 598 3401 ita
609 3345 761 3401 emendatum
771 3343 908 3401 iuvenalem
918 3341 1001 3399 lahnio
1018 3339 1141 3403 debemus,
1154 3346 1182 3392 ut

198 3428 288 3482 nubam
300 3442 415 3499 umquam
425 3429 555 3485 οιιιιοιιοιιι
572 3435 658 3500 poetae
669 3444 767 3485 manum
777 3427 872 3486 felicius
882 3427 1029 3499 expressim
1038 3431 1132 3480 certam
1141 3423 1182 3486 sit.

198 3524 244 3566 uec
258 3510 344 3582 siquis
360 3512 385 3566 in
402 3513 506 3586 siugulis
523 3515 621 3588 longios
637 3513 735 3585 procedi
746 3529 818 3584 posse
833 3518 916 3585 putet,
935 3511 1005 3566 aliter
1018 3507 1067 3564 boc
1078 3503 1182 3581 aggredi
1251 3514 1255 3525 “

198 3595 283 3664 liceat,
294 3609 367 3668 quam
383 3603 411 3652 ut
425 3597 492 3654 illum
510 3598 535 3654 iu
556 3600 608 3670 ipsa
623 3598 747 3655 Pithoeani
764 3598 868 3654 lectione
888 3595 926 3651 rel
947 3591 1123 3664 interpretanda
1143 3589 1182 3645 rel
1277 3667 1278 3688 ,
