2590 3946
459 246 585 295 esurus
607 249 681 296 v111.
1048 241 1089 302 59

100 387 251 449 Nocturna
274 392 305 446 et
325 383 452 446 dammas
474 385 607 446 domibus
628 387 803 466 templisque
825 390 944 469 paratis,

101 470 140 532 Ut
162 469 366 531 braccatorum
389 470 472 546 pueri
494 469 698 548 Senonumque
719 471 856 547 minores,

66 625 70 632 Ι
100 553 174 614 Ausi
193 552 272 633 qnod
296 552 384 612 liceat
405 553 501 612 tonica
524 554 624 631 punire
648 555 782 614 molesta.
1038 569 1090 626 235

101 637 163 700 Sed
184 636 286 714 vigilat
308 635 409 695 consul
431 635 601 715 vexillaque
621 646 719 698 vestra
742 647 877 700 coercet:

100 720 155 782 llic
178 736 270 780 novus
291 719 433 798 Arpinas,
461 718 598 796 ignobilis
617 730 646 780 et
666 721 753 781 modo
774 720 886 783 Romae

100 800 285 882 llnnicipalis
307 819 417 880 eques,
443 803 589 879 galeatum
610 805 692 882 ponit
709 804 818 883 ubique

99 886 280 948 Praesidium
302 886 429 946 attonitis
451 894 482 945 ct
502 888 531 945 iu
553 887 630 946 omni
651 895 748 948 monte
770 887 893 948 laborat.

7 1007 8 1028 r
100 969 224 1030 Tantum
241 970 329 1045 igitur
348 985 445 1029 muros
466 970 539 1030 intra
558 979 628 1047 toga
648 971 769 1031 contulit
788 970 830 1030 illi
1037 984 1090 1036 240

7 1067 8 1098 2
99 1052 231 1113 Nominis
258 1069 293 1112 ac
318 1051 408 1127 tituli,
436 1061 569 1132 quantum
590 1055 640 1112 vix
659 1053 811 1130 Leucade,
834 1063 969 1133 quantum

7 1123 8 1136 ἶ
99 1135 274 1197 Thessaliae
298 1135 408 1213 campis
430 1132 567 1195 Octavius
590 1135 708 1197 abstulit
730 1136 787 1196 udo

100 1217 247 1280 Gaedibus
268 1217 392 1278 assiduis
413 1217 528 1295 gladio;
553 1217 607 1279 sed
627 1218 719 1280 Roma
742 1229 902 1298 parentem,

7 1290 8 1350 l
99 1303 194 1364 Roma
216 1309 329 1381 patrem
351 1302 463 1379 patriae
486 1299 661 1362 ciceronem
683 1302 776 1363 libera
799 1302 879 1363 dixit.

98 1388 228 1466 Arpinas
250 1384 324 1444 alins
345 1382 521 1444 Volscorum
541 1386 571 1444 in
592 1394 689 1445 monte
712 1384 830 1446 solebat
1037 1399 1089 1452 245

22 1531 26 1540 ,
98 1469 232 1530 Poscere
255 1467 424 1543 mercedes,
448 1467 544 1528 alieno
567 1468 662 1528 lassus
685 1477 796 1537 aratr0;

99 1551 251 1614 Nodosam
275 1556 344 1630 pust
366 1549 441 1610 baec
460 1545 614 1628 frangebat
635 1553 747 1612 vertice
769 1553 868 1629 vitem,

100 1638 132 1696 Si
152 1635 248 1697 lentus
271 1635 357 1713 pigra
378 1634 501 1694 muniret
523 1644 619 1696 castra
639 1634 776 1696 dolabra:

99 1719 155 1780 llio
176 1728 274 1779 tamen
295 1727 325 1777 et
348 1715 480 1776 Gimbros
502 1727 533 1778 et
554 1736 662 1779 summa
683 1719 815 1798 pericula
839 1737 936 1780 rernm

100 1801 237 1881 Excipit,
261 1810 290 1861 et
312 1799 393 1860 solus
417 1800 608 1879 trepidantem
630 1803 757 1880 protegit
780 1801 897 1872 urbem;
1038 1814 1086 1866 tot

100 1885 198 1965 Atque
220 1883 304 1960 ideo,
327 1892 483 1962 postquam
504 1883 540 1944 ad
562 1881 696 1944 Gimbros
717 1892 903 1963 stragemque
923 1885 1072 1962 volabant,

101 1968 160 2042 Qui
181 1983 335 2047 numquam
357 1968 512 2044 attigerant
532 1969 641 2028 maiora
661 1967 822 2044 cadavera,
844 1969 936 2043 corsi,

100 2051 218 2113 Nobilis
241 2059 358 2111 ornatur
380 2050 462 2110 lauro
484 2050 602 2129 collega
623 2049 760 2110 secunda.

99 2134 241 2212 Plebeiae
263 2133 422 2194 Deciorum
444 2135 570 2211 animae,
592 2133 709 2213 plebeia
730 2134 846 2193 luerunt

99 2217 239 2279 Nomina:
260 2234 315 2297 pro
338 2217 407 2277 totis
430 2217 595 2295 legionibus
617 2216 758 2277 litamen
780 2225 810 2276 et
828 2234 883 2296 pro
1038 2225 1090 2280 255

101 2300 240 2362 Omnibus
262 2300 377 2360 auxiliis
395 2308 482 2379 atque
504 2302 580 2362 omni
600 2301 679 2381 pube
700 2300 799 2360 narina

98 2385 254 2446 Suiliciunt
276 2383 321 2444 dis
341 2382 462 2443 iniernis
484 2393 641 2463 terraeque
664 2385 794 2462 parenti;

97 2469 195 2529 Pluris
218 2468 292 2527 enim
314 2465 415 2542 Decii,
439 2484 524 2545 quam
547 2485 621 2545 quae
642 2474 793 2526 serrantur
815 2465 851 2525 ab
873 2466 941 2527 illis.

97 2551 218 2612 Ancilla
242 2559 325 2611 uatus
347 2549 476 2610 trabeam
496 2558 525 2609 et
546 2549 677 2609 diadema
699 2546 810 2621 Quirini

97 2635 137 2698 Et
158 2635 257 2695 fasces
279 2635 382 2694 meruit
402 2650 504 2710 regum
524 2631 639 2693 ultimus
658 2632 710 2692 illc
729 2631 885 2692 bonorum:
1038 2639 1090 2695 260

97 2718 219 2780 Prodita
240 2716 377 2779 laxabant
398 2725 546 2796 portarum
567 2716 693 2782 claustra
710 2717 839 2792 tyrannis

98 2799 245 2862 Exulibus
264 2802 386 2860 iuvenes
408 2801 500 2876 ipsius
525 2799 653 2860 consulis
676 2809 706 2859 ct
728 2817 802 2878 quos

96 2884 237 2963 Magnum
259 2882 366 2962 aliquid
390 2882 476 2943 dubia
496 2900 550 2960 pro
572 2882 708 2943 libertate
730 2873 866 2959 deceret,

97 2967 189 3042 Quod
212 2967 366 3027 miraretur
389 2984 452 3026 cum
476 2964 591 3027 Coclite
612 2965 724 3026 Mucius
749 2975 778 3024 et
799 2983 874 3043 quae

94 3051 219 3131 Imperii
235 3051 308 3111 lines
326 3047 491 3109 Tiberinum
509 3051 593 3126 virgo
616 3049 731 3108 natavit.
1038 3053 1090 3110 265

96 3133 226 3195 Occulta
249 3135 285 3195 ad
307 3141 408 3213 patres
429 3132 566 3212 produxit
590 3133 708 3191 crimina
729 3147 842 3206 servus,

94 3217 241 3280 dlatronis
262 3216 422 3294 lugendum
446 3224 475 3277 at
495 3214 563 3274 illos
584 3213 709 3274 verbera
729 3214 810 3273 iustis

99 3300 241 3361 Aibciuut
265 3302 370 3381 poenis
393 3310 422 3361 et
443 3300 541 3377 legum
562 3299 653 3377 prima
675 3299 797 3357 securis.

142 3382 222 3446 llalo
246 3393 330 3464 pater
351 3384 402 3444 tibi
424 3385 461 3444 sit
483 3381 647 3459 Thersites,
670 3381 823 3441 dnmmodo
845 3383 937 3441 tusis

102 3467 252 3528 Aeacidae
274 3468 374 3527 similis
396 3466 597 3546 Vulcaniaque
620 3483 698 3526 arma
720 3481 871 3544 capessas,
1036 3473 1090 3529 270
