2590 3946
465 251 591 302 SATIRA
612 253 684 300 XIV.

98 391 218 454 Materia
244 397 379 450 constare
404 396 485 466 putat
512 388 690 468 paribusque
716 389 877 466 elementis,

99 477 144 536 An
166 474 281 536 saevire
304 473 392 533 docet
415 470 545 548 Rutilus,
575 474 623 550 qni
645 473 753 550 gaudet
773 473 883 533 acerbo

97 559 252 638 Plagarum
276 557 399 635 strepitu
421 564 450 615 et
472 554 579 616 nnllam
601 556 703 616 Sirena
726 555 853 634 flagellis
1070 615 1073 622 ,

9 697 10 718 ,
99 642 271 722 (lamparet,
294 639 467 718 Antiphates
488 640 594 719 trepidi
615 639 683 700 laris
701 658 736 701 ac
756 639 964 720 Polyphemus,
1050 653 1087 706 uo

98 728 179 788 'lune
200 725 291 802 felix,
317 723 433 802 quoties
458 723 561 802 aliquis
583 733 696 784 tortore
719 732 828 784 vocato

98 811 197 873 Uritur
220 809 332 871 ardenti
354 808 411 868 duo
436 816 559 887 propter
580 808 668 869 lintea
689 805 793 868 ierrnl

9 941 10 954 ,
99 894 175 970 Quid
196 893 299 954 suadet
320 892 417 951 iuveni
439 891 533 952 laetus
557 891 682 952 stridore
704 901 836 968 catenae,

98 979 192 1053 Quem
213 977 285 1039 mire
308 975 437 1036 afliciunt
457 976 595 1053 inscripta
617 974 781 1052 ergastula,
806 973 931 1036 carcer?

9 1119 10 1124 ,
96 1063 234 1122 Rusticus
259 1067 434 1139 exspectas,
460 1066 491 1117 ut
513 1074 570 1118 non
593 1058 630 1117 sit
652 1057 783 1119 adultera
805 1058 918 1136 Largae
1050 1070 1086 1123 25

97 1145 187 1222 Filia,
213 1161 288 1223 qnae
310 1158 463 1221 numquam
483 1150 630 1202 maternos
652 1141 751 1202 dicere
772 1142 913 1202 moechos

98 1229 169 1290 'lam
192 1230 250 1289 cito
273 1245 329 1288 nec
354 1235 434 1286 tanto
460 1226 568 1304 poterit
590 1233 748 1286 contexere
774 1243 870 1302 cursu,

100 1313 136 1374 Ut
158 1329 216 1373 non
238 1319 283 1372 ter
305 1311 405 1371 decies
430 1305 580 1388 respiret?
609 1311 727 1369 conscia
749 1310 833 1370 matri

98 1397 189 1474 Virgo
213 1396 281 1464 iuit;
305 1412 390 1455 ceras
417 1411 492 1454 nunc
513 1392 568 1454 lrac
592 1392 718 1454 dictante
744 1393 867 1473 pusillas

98 1480 203 1560 lmplet
227 1488 256 1538 et
278 1479 313 1539 ed
335 1477 487 1539 moechum
510 1477 560 1538 dat
581 1476 691 1538 eisdem
705 1477 792 1558 ‘ferre
816 1477 954 1538 cinaedis.
1051 1487 1087 1540 30

98 1566 148 1624 Sic
172 1571 274 1623 natura
297 1561 390 1624 iubet:
414 1561 556 1624 velocius.
570 1569 601 1622 et
623 1562 706 1622 eitius
727 1578 781 1624 nos

98 1647 292 1724 Corrumpunt
312 1647 447 1705 vitiorum
473 1645 625 1725 exempla,
652 1645 812 1706 domestica
837 1647 948 1722 magnis

98 1732 192 1806 Quum
215 1729 345 1790 subeunt
365 1731 474 1789 animos
501 1727 678 1789 auctoribus.
716 1727 796 1790 llnne
820 1738 850 1788 et
872 1729 947 1790 alter

96 1814 232 1876 Forsitan
260 1812 334 1873 haec
361 1822 499 1892 spernant
522 1813 660 1888 iuvenes,
687 1810 791 1891 quibus
815 1820 878 1872 arte
903 1810 1028 1889 benigna

9 1943 10 1964 ,
96 1899 135 1960 llt
157 1897 281 1958 meliore
307 1896 368 1958 luto
392 1897 472 1958 linxit
494 1896 668 1975 praecordia
690 1895 787 1963 'litam
1050 1905 1085 1960 et

97 1983 157 2043 Sed
179 1982 310 2061 reliquos
335 1979 473 2059 fugienda
496 1989 609 2060 patrum
632 1979 759 2056 vestigia
782 1979 890 2040 ducunt

95 2066 135 2128 Et
155 2074 312 2127 monstrata
334 2065 382 2127 diu
404 2065 514 2124 veteris
538 2064 625 2125 trahit
647 2062 741 2124 orbita
767 2063 882 2143 culpae.

96 2149 253 2210 Abstineas
279 2150 366 2227 igitur
388 2146 567 2218 damnandis:
592 2147 677 2209 huius
705 2148 779 2208 enim
799 2147 849 2208 vel

96 2233 160 2295 Una
181 2241 286 2312 potens
307 2233 381 2291 ratio
406 2240 467 2307 est,
492 2249 529 2291 ne
554 2233 672 2292 crimina
695 2241 794 2294 nostra
815 2240 973 2311 sequantur

96 2317 144 2378 Ex
161 2317 246 2377 nobis
267 2316 375 2393 geniti,
404 2317 539 2394 quoniam
565 2315 677 2375 dociles
700 2311 842 2376 imitandis
1052 2323 1087 2376 40

97 2399 243 2479 l'urpibus
268 2417 304 2459 ac
327 2401 424 2477 pravis
447 2415 548 2458 omnes
571 2416 682 2467 sumus:
711 2406 740 2458 et
765 2395 916 2459 Catilinam

97 2485 287 2562 Quocumque
309 2484 338 2541 in
360 2483 470 2562 populo
493 2483 611 2557 videas,
635 2497 820 2560 quocumque
842 2480 895 2541 suh
920 2498 986 2557 axe,

98 2567 157 2628 Sed
183 2585 239 2628 nec
259 2565 363 2626 Brutus
386 2568 456 2642 erit,
478 2565 558 2625 Bruti
581 2581 637 2624 nec
661 2564 820 2625 avunculus
842 2581 973 2643 nsquam.

96 2649 144 2710 Nil
167 2652 245 2712 dictu
266 2650 384 2710 foedum
405 2651 528 2728 risuque
549 2648 623 2709 lraec
649 2647 747 2708 limina
768 2655 877 2725 tangat,

97 2734 173 2794 Intra
199 2751 272 2813 quae
295 2742 380 2813 puter
402 2742 461 2802 est;
486 2732 606 2811 procul,
630 2732 667 2794 alr
688 2732 793 2810 procul
815 2731 882 2793 inde
904 2732 1024 2811 puellae
1051 2741 1086 2796 ts

95 2819 244 2878 Lennnum
271 2826 299 2877 et
322 2825 422 2878 cantus
447 2819 646 2895 pernoctantis
669 2817 804 2896 parasiti!

96 2901 220 2962 llaxima
243 2900 366 2962 debetur
388 2919 483 2979 puero
505 2902 685 2962 reverentia:
709 2902 734 2959 si
759 2900 827 2978 qnid

97 2983 195 3065 l'nrpe
221 3002 324 3064 paras,
351 3003 407 3045 nec
432 2993 462 3045 tu
484 2985 568 3063 pueri
591 2985 801 3061 contempseris
824 3000 926 3058 annos,

97 3069 156 3130 Sed
180 3077 339 3149 peccaturo
363 3068 461 3130 obstet
484 3068 536 3127 tibi
562 3067 637 3127 iilius
659 3065 763 3126 infans.

95 3152 169 3214 Nam
195 3154 219 3212 si
247 3153 316 3232 qnid
342 3153 459 3231 dignum
486 3151 618 3212 censoris
644 3149 749 3210 iecerit
771 3150 813 3208 ira
1051 3156 1086 3210 50

9 3263 10 3270 ¹
97 3235 281 3316 Quandoque
309 3246 338 3296 et
361 3236 483 3298 similem
504 3233 556 3294 tibi
582 3251 616 3294 se
641 3249 699 3293 non
720 3249 848 3312 corpore
874 3242 982 3294 tantum

95 3318 160 3380 Nec
183 3320 265 3382 vultu
293 3319 422 3396 dederit,
449 3335 560 3378 moram
586 3333 703 3398 qnoque
727 3317 803 3378 lilius
825 3326 854 3378 et
878 3320 926 3396 qui

97 3401 200 3464 Omnia
227 3403 356 3465 deterius
378 3413 425 3466 tua
451 3421 507 3483 per
528 3404 652 3480 vestigia
675 3409 791 3480 peccet,

97 3482 251 3567 corripies
275 3488 407 3549 nimirum
429 3495 460 3550 et
481 3485 638 3564 castigabis
661 3484 770 3546 acerbo
