2590 3946
202 209 261 272 too
530 222 565 269 o.
581 221 651 269 run.
670 221 854 268 ruvunuurs

200 362 250 420 Sic
273 360 376 439 aliquis
399 361 500 420 merito
520 361 645 420 nondum
667 359 764 420 ebrius
788 368 818 418 et
839 359 982 419 minimum
1004 360 1053 438 qui

200 443 245 504 De
267 441 434 518 Corcyraea
457 453 594 503 temetum
617 444 740 504 duxerat
760 460 844 510 urna;
1152 453 1185 508 25

201 527 287 587 Solus
310 528 384 586 enim
397 525 473 590 baec
485 525 600 588 Ithacus
623 527 702 588 nullo
724 526 777 586 sub
799 533 875 585 teste
899 524 1031 585 canebat.

200 610 263 670 Nos
286 611 414 671 miranda
439 609 570 688 quidem,
595 611 649 671 sed
672 628 766 688 nuper
787 609 907 668 consule
930 607 1020 668 lunco

202 694 291 755 Gesta
313 713 403 771 super
426 692 537 754 calidae
559 693 722 754 referemus
742 693 857 753 moenia
880 689 977 770 Gopti,

200 777 261 837 Nos
284 776 364 854 vulgi
388 776 485 836 scelus
509 786 539 836 et
561 779 671 838 cunctis
693 779 828 854 graviora
851 775 1008 836 cothurnis.

200 859 272 921 Nam
289 861 401 934 scelus,
422 859 560 934 aPyrrba
579 878 749 940 quamquam
769 861 862 919 omnia
882 867 1008 934 syrmata
1026 858 1140 933 volvas,
1152 865 1185 921 30

200 942 303 1005 Nullus
326 944 402 1023 apud
425 945 553 1020 tragicos
576 944 702 1023 populus
724 945 809 1011 lacit:
833 944 955 1021 accipe,
980 950 1080 1000 nostro

201 1026 270 1088 Dira
293 1028 372 1107 quod
391 1027 557 1106 exemplum
578 1027 680 1088 feritas
701 1027 872 1106 produxerit
892 1042 978 1085 aevo.

244 1111 322 1171 lnter
348 1111 482 1171 finitimos
505 1121 589 1171 vetus
616 1121 703 1189 atque
729 1111 844 1189 antiqua
867 1108 1008 1184 simultas,

201 1195 365 1256 Immortale
393 1195 488 1255 odium
511 1204 540 1254 et
562 1212 713 1273 numquam
736 1192 865 1254 sanabile
887 1192 991 1252 vulnus

202 1279 296 1338 Ardet
317 1277 426 1353 adbuc,
450 1275 559 1338 Ombos
585 1288 614 1338 et
636 1277 772 1356 Tentyra.
807 1277 938 1337 Summus
960 1275 1101 1353 utrimque
1152 1283 1186 1336 35

202 1361 272 1421 lndc
292 1361 372 1421 furor
394 1361 501 1437 vulgo,
524 1361 600 1439 quod
618 1363 730 1422 numina
756 1361 917 1420 vicinorum

203 1442 270 1505 Odit
295 1453 416 1522 uterque
439 1443 541 1520 locus,
566 1461 652 1523 quum
674 1445 756 1505 solos
781 1443 882 1504 credat
903 1441 1054 1503 habendos

202 1527 279 1594 Esse
303 1527 390 1602 deos,
415 1543 488 1604 quos
510 1530 574 1605 ipse
598 1527 676 1587 colit.
710 1528 770 1588 Sed
790 1535 923 1604 tempore
946 1525 1023 1585 lesto

202 1611 332 1671 Alterius
357 1609 457 1688 populi
478 1610 617 1688 rapienda
641 1611 759 1670 occasio
782 1613 894 1670 cunctis
995 1631 998 1640 ¹

202 1694 273 1754 Visa
295 1695 473 1752 inimicorum
494 1693 669 1772 primoribus
690 1713 725 1755 ac
748 1692 885 1770 ducibus,
909 1711 946 1752 ne
1153 1703 1187 1755 to

203 1777 321 1838 Laetum
343 1777 522 1855 hilaremque
544 1777 637 1854 diem,
660 1797 697 1837 ne
720 1795 843 1856 magnae
862 1777 967 1856 gaudia
988 1794 1101 1838 coenae

204 1863 366 1936 Sentirent,
389 1862 493 1939 positis
515 1861 551 1921 ad
574 1862 681 1940 templa
705 1871 734 1922 et
757 1862 882 1939 compita
903 1857 1011 1920 mensis

203 1945 399 2022 Pervigilique
425 1953 506 2021 toro,
530 1962 616 2022 quern
641 1954 727 2006 nocte
752 1965 786 2005 ac
809 1944 874 2005 luce
896 1945 1040 2004 iacentem

204 2029 349 2106 Septimus
371 2028 513 2088 interdurn
535 2028 581 2089 sol
602 2029 719 2089 invenit.
747 2028 872 2088 Horrida
893 2045 964 2087 sane

203 2112 375 2189 Aegyptus,
403 2111 456 2171 sed
481 2111 610 2188 luxurie,
633 2122 767 2191 quantum
791 2113 857 2189 ipse
880 2113 987 2187 notavi,

139 2187 146 2200 '
203 2192 331 2254 Barbara
352 2193 465 2254 famoso
488 2212 545 2255 non
567 2195 646 2256 cedit
666 2195 749 2256 turbe
774 2191 906 2272 Canopo.

204 2277 305 2353 Adde,
333 2277 410 2355 quod
433 2277 576 2340 etfacilis
599 2279 720 2339 victoria
742 2278 779 2338 de
802 2277 921 2338 madidis
946 2287 976 2338 et

204 2360 317 2420 Blaesis
342 2370 428 2439 atque
452 2380 533 2422 mero
555 2361 757 2422 titubantibus:
778 2360 846 2421 inde
868 2361 995 2421 virorum

197 2444 331 2504 -Saltatus
355 2447 437 2522 nigro
459 2445 594 2522 tibicine,
618 2447 839 2525 qualiacumque

205 2527 357 2604 Unguenta
382 2538 412 2588 et
432 2529 522 2589 liores
543 2531 709 2610 multaeque
730 2531 759 2589 in
780 2529 875 2590 fronte
900 2545 1041 2594 coronae:

204 2610 276 2670 llinc
300 2612 425 2673 ieiunum
450 2613 555 2674 odium.
588 2614 648 2674 Sed
671 2615 763 2690 iurgia
786 2613 876 2690 prima
898 2629 1003 2672 sonare

204 2693 347 2773 Incipiunt
371 2697 470 2755 animis
493 2694 674 2770 ardentibus,
698 2695 772 2755 haec
794 2694 861 2754 tuba
883 2697 981 2762 rinae;

205 2775 280 2837 Dein
301 2779 430 2839 clamore
452 2779 515 2856 pari
538 2777 735 2852 concurritur,
762 2785 792 2834 et
812 2778 878 2834 rice
899 2777 951 2836 teli

205 2862 306 2921 Saevit
327 2861 401 2921 nuda
423 2877 535 2928 manum
558 2876 669 2939 paucae
691 2859 755 2919 sine
776 2859 897 2919 vulnere
919 2859 1022 2936 malae,

203 2943 262 3003 Vix
285 2945 416 3020 cuiquam
439 2951 486 3002 aut
506 2943 577 3003 nulli
597 2949 659 3004 toto
683 2945 839 3003 certamine
862 2959 948 3002 nasus

204 3025 339 3103 Integer,
361 3026 511 3104 aspiceres
533 3029 587 3088 iam
611 3037 711 3088 cuncta
733 3045 787 3105 per
808 3026 920 3104 agmina
943 3027 1038 3086 vultus

204 3107 363 3184 Dimidios,
390 3109 461 3169 alias
487 3110 578 3171 iacies
601 3118 630 3171 et
652 3111 757 3172 hiantia
782 3112 874 3188 ruptis

206 3192 281 3252 Ossa
302 3194 402 3270 genis,
426 3194 530 3272 plenos
553 3196 702 3257 oculorum
724 3197 864 3273 sanguiue
885 3211 1009 3272 pugnos.

205 3275 319 3337 Ludere
343 3295 377 3337 se
400 3278 520 3339 credunt
540 3281 597 3359 ipsi
619 3289 714 3340 tamen
740 3287 770 3339 et
791 3277 921 3358 pueriles

206 3359 357 3421 Exercere
379 3361 475 3436 acies,
497 3365 573 3441 quod
595 3364 672 3425 nulla
695 3364 838 3424 cadavera
859 3362 988 3431 calcent;

206 3441 244 3501 Et
263 3462 333 3504 sane
357 3463 413 3523 quo
437 3454 480 3505 tot
501 3447 619 3507 rixantis
640 3448 716 3510 milia
753 3445 865 3523 turbae,
