<?xml version="1.0" encoding="UTF-8"?>
<!DOCTYPE html PUBLIC "-//W3C//DTD XHTML 1.0 Transitional//EN"
    "http://www.w3.org/TR/xhtml1/DTD/xhtml1-transitional.dtd">
<html xmlns="http://www.w3.org/1999/xhtml" xml:lang="en" lang="en">
 <head>
  <title>
</title>
<meta http-equiv="Content-Type" content="text/html;charset=utf-8" />
  <meta name='ocr-system' content='tesseract 3.04.00' />
  <meta name='ocr-capabilities' content='ocr_page ocr_carea ocr_par ocr_line ocrx_word'/>
</head>
<body>
  <div class='ocr_page' id='page_1' title='image "./satirarumlibriq01juvegoog_0030.png"; bbox 0 0 2582 3950; ppageno 0'>
   <div class='ocr_carea' id='block_1_1' title="bbox 510 192 1103 246">
    <p class='ocr_par' dir='ltr' id='par_1_1' title="bbox 510 192 1103 246">
     <span class='ocr_line' id='line_1_1' title="bbox 510 192 1103 246; baseline -0.005 -6"><span class='ocrx_word' id='word_1_1' title='bbox 510 192 717 242; x_wconf 70' lang='lat' dir='ltr'>Pmlldd’lo.</span> <span class='ocrx_word' id='word_1_2' title='bbox 1031 197 1103 246; x_wconf 77' lang='lat' dir='ltr'>xxv</span> 
     </span>
    </p>
   </div>
   <div class='ocr_carea' id='block_1_2' title="bbox 123 337 1105 829">
    <p class='ocr_par' dir='ltr' id='par_1_2' title="bbox 123 337 1105 578">
     <span class='ocr_line' id='line_1_2' title="bbox 124 337 1104 411; baseline 0 -13"><span class='ocrx_word' id='word_1_3' title='bbox 124 355 226 398; x_wconf 72' lang='lat' dir='ltr'>uerene</span> <span class='ocrx_word' id='word_1_4' title='bbox 236 339 315 396; x_wconf 84' lang='lat' dir='ltr'>tuerit.</span> <span class='ocrx_word' id='word_1_5' title='bbox 327 369 369 380; x_wconf 92' lang='lat'>-</span> <span class='ocrx_word' id='word_1_6' title='bbox 378 337 407 395; x_wconf 83' lang='lat' dir='ltr'>V.</span> <span class='ocrx_word' id='word_1_7' title='bbox 413 340 474 397; x_wconf 83' lang='grc'><strong>287.</strong></span> <span class='ocrx_word' id='word_1_8' title='bbox 486 341 538 396; x_wconf 79' lang='grc'>288</span> <span class='ocrx_word' id='word_1_9' title='bbox 549 338 670 409; x_wconf 88' lang='lat' dir='ltr'>quomodo</span> <span class='ocrx_word' id='word_1_10' title='bbox 681 339 784 410; x_wconf 87' lang='lat' dir='ltr'>scriptos</span> <span class='ocrx_word' id='word_1_11' title='bbox 794 355 809 396; x_wconf 87' lang='lat' dir='ltr'>a</span> <span class='ocrx_word' id='word_1_12' title='bbox 820 347 890 411; x_wconf 85' lang='lat' dir='ltr'>poeta</span> <span class='ocrx_word' id='word_1_13' title='bbox 900 355 1036 407; x_wconf 77' lang='lat' dir='ltr'>mestrem,</span> <span class='ocrx_word' id='word_1_14' title='bbox 1048 342 1104 398; x_wconf 76' lang='lat' dir='ltr'>Vro-</span> 
     </span>
     <span class='ocr_line' id='line_1_3' title="bbox 123 421 1105 496; baseline 0 -15"><span class='ocrx_word' id='word_1_15' title='bbox 123 426 173 482; x_wconf 89' lang='lat' dir='ltr'>dio.</span> <span class='ocrx_word' id='word_1_16' title='bbox 186 441 212 496; x_wconf 90' lang='lat' dir='ltr'>p.</span> <span class='ocrx_word' id='word_1_17' title='bbox 222 427 255 480; x_wconf 97' lang='grc'>12</span> <span class='ocrx_word' id='word_1_18' title='bbox 268 422 357 494; x_wconf 89' lang='lat' dir='ltr'>aperui,</span> <span class='ocrx_word' id='word_1_19' title='bbox 369 435 448 492; x_wconf 79' lang='lat' dir='ltr'>neque</span> <span class='ocrx_word' id='word_1_20' title='bbox 458 437 523 478; x_wconf 87' lang='lat' dir='ltr'>nune</span> <span class='ocrx_word' id='word_1_21' title='bbox 532 427 637 477; x_wconf 84' lang='lat' dir='ltr'>retracto</span> <span class='ocrx_word' id='word_1_22' title='bbox 648 421 713 494; x_wconf 86' lang='lat' dir='ltr'>qood</span> <span class='ocrx_word' id='word_1_23' title='bbox 723 422 781 491; x_wconf 88' lang='lat' dir='ltr'>illic,</span> <span class='ocrx_word' id='word_1_24' title='bbox 791 425 957 496; x_wconf 80' lang='lat' dir='ltr'>utgenuinam</span> <span class='ocrx_word' id='word_1_25' title='bbox 972 427 1105 482; x_wconf 87' lang='lat' dir='ltr'>sententiae</span> 
     </span>
     <span class='ocr_line' id='line_1_4' title="bbox 124 505 856 578; baseline -0.001 -15"><span class='ocrx_word' id='word_1_26' title='bbox 124 510 230 566; x_wconf 86' lang='lat' dir='ltr'>sormam</span> <span class='ocrx_word' id='word_1_27' title='bbox 241 520 420 578; x_wconf 88' lang='lat' dir='ltr'>recuperemus,</span> <span class='ocrx_word' id='word_1_28' title='bbox 432 505 563 577; x_wconf 84' lang='lat' dir='ltr'>legendum</span> <span class='ocrx_word' id='word_1_29' title='bbox 574 520 628 560; x_wconf 68' lang='lat' dir='ltr'>eme</span> <span class='ocrx_word' id='word_1_30' title='bbox 637 505 772 576; x_wconf 85' lang='lat' dir='ltr'>suspicatus</span> <span class='ocrx_word' id='word_1_31' title='bbox 786 523 856 562; x_wconf 87' lang='lat' dir='ltr'>sum:</span> 
     </span>
    </p>

    <p class='ocr_par' dir='ltr' id='par_1_3' title="bbox 123 590 1103 829">
     <span class='ocr_line' id='line_1_5' title="bbox 208 590 830 664; baseline 0 -18"><span class='ocrx_word' id='word_1_32' title='bbox 208 590 380 664; x_wconf 69' lang='lat' dir='ltr'>impatiensque</span> <span class='ocrx_word' id='word_1_33' title='bbox 394 603 474 643; x_wconf 76' lang='lat' dir='ltr'>corne</span> <span class='ocrx_word' id='word_1_34' title='bbox 483 595 568 661; x_wconf 60' lang='lat' dir='ltr'>posen</span> <span class='ocrx_word' id='word_1_35' title='bbox 584 596 611 644; x_wconf 86' lang='lat' dir='ltr'>ut</span> <span class='ocrx_word' id='word_1_36' title='bbox 620 595 723 645; x_wconf 71' lang='lat' dir='ltr'>remeses</span> <span class='ocrx_word' id='word_1_37' title='bbox 739 590 830 646; x_wconf 61' lang='lat' dir='ltr'>writer</span> 
     </span>
     <span class='ocr_line' id='line_1_6' title="bbox 123 754 1103 829; baseline 0 -17"><span class='ocrx_word' id='word_1_38' title='bbox 123 773 156 812; x_wconf 90' lang='lat' dir='ltr'>ne</span> <span class='ocrx_word' id='word_1_39' title='bbox 166 765 246 814; x_wconf 89' lang='lat' dir='ltr'>tamen</span> <span class='ocrx_word' id='word_1_40' title='bbox 263 759 315 828; x_wconf 90' lang='lat' dir='ltr'>ipsa</span> <span class='ocrx_word' id='word_1_41' title='bbox 325 758 350 814; x_wconf 89' lang='lat' dir='ltr'>iu</span> <span class='ocrx_word' id='word_1_42' title='bbox 366 754 439 813; x_wconf 83' lang='lat' dir='ltr'>verba</span> <span class='ocrx_word' id='word_1_43' title='bbox 455 755 566 813; x_wconf 80' lang='lat' dir='ltr'>leontius</span> <span class='ocrx_word' id='word_1_44' title='bbox 577 770 711 828; x_wconf 72' lang='lat' dir='ltr'>grassem,</span> <span class='ocrx_word' id='word_1_45' title='bbox 730 772 753 813; x_wconf 87' lang='lat' dir='ltr'>v.</span> <span class='ocrx_word' id='word_1_46' title='bbox 764 760 817 816; x_wconf 83' lang='grc'>288</span> <span class='ocrx_word' id='word_1_47' title='bbox 827 757 881 813; x_wconf 82' lang='lat' dir='ltr'>silet</span> <span class='ocrx_word' id='word_1_48' title='bbox 892 773 935 828; x_wconf 88' lang='lat' dir='ltr'>pro</span> <span class='ocrx_word' id='word_1_49' title='bbox 944 763 1026 829; x_wconf 79' lang='lat' dir='ltr'>ponet,</span> <span class='ocrx_word' id='word_1_50' title='bbox 1038 759 1103 829; x_wconf 84' lang='lat' dir='ltr'>qood</span> 
     </span>
    </p>
   </div>
   <div class='ocr_carea' id='block_1_3' title="bbox 122 839 1105 3418">
    <p class='ocr_par' dir='ltr' id='par_1_4' title="bbox 122 839 1105 3418">
     <span class='ocr_line' id='line_1_7' title="bbox 124 839 1104 915; baseline 0.001 -19"><span class='ocrx_word' id='word_1_51' title='bbox 124 842 213 912; x_wconf 87' lang='lat' dir='ltr'>inipso</span> <span class='ocrx_word' id='word_1_52' title='bbox 228 840 289 897; x_wconf 88' lang='lat' dir='ltr'>Pith.</span> <span class='ocrx_word' id='word_1_53' title='bbox 304 848 353 910; x_wconf 88' lang='lat' dir='ltr'>ost,</span> <span class='ocrx_word' id='word_1_54' title='bbox 371 841 497 896; x_wconf 88' lang='lat' dir='ltr'>restituero</span> <span class='ocrx_word' id='word_1_55' title='bbox 507 841 593 912; x_wconf 84' lang='lat' dir='ltr'>sategi.</span> <span class='ocrx_word' id='word_1_56' title='bbox 610 869 653 880; x_wconf 91' lang='lat'>—-</span> <span class='ocrx_word' id='word_1_57' title='bbox 668 839 696 896; x_wconf 87' lang='lat' dir='ltr'>V.</span> <span class='ocrx_word' id='word_1_58' title='bbox 714 845 767 900; x_wconf 86' lang='grc'>270</span> <span class='ocrx_word' id='word_1_59' title='bbox 784 857 855 915; x_wconf 73' lang='lat' dir='ltr'>quem</span> <span class='ocrx_word' id='word_1_60' title='bbox 863 840 947 913; x_wconf 78' lang='lat' dir='ltr'>prucis</span> <span class='ocrx_word' id='word_1_61' title='bbox 957 839 1029 906; x_wconf 78' lang='lat' dir='ltr'>Pico,</span> <span class='ocrx_word' id='word_1_62' title='bbox 1048 848 1104 897; x_wconf 79' lang='lat' dir='ltr'>aero</span> 
     </span>
     <span class='ocr_line' id='line_1_8' title="bbox 122 924 1104 997; baseline 0 -17"><span class='ocrx_word' id='word_1_63' title='bbox 122 925 208 995; x_wconf 78' lang='lat' dir='ltr'>precio</span> <span class='ocrx_word' id='word_1_64' title='bbox 224 925 290 982; x_wconf 79' lang='lat' dir='ltr'>lado.</span> <span class='ocrx_word' id='word_1_65' title='bbox 310 940 333 981; x_wconf 91' lang='lat' dir='ltr'>o.</span> <span class='ocrx_word' id='word_1_66' title='bbox 354 924 475 997; x_wconf 90' lang='lat' dir='ltr'>plurimis,</span> <span class='ocrx_word' id='word_1_67' title='bbox 492 931 573 992; x_wconf 88' lang='lat' dir='ltr'>recte,</span> <span class='ocrx_word' id='word_1_68' title='bbox 588 925 609 978; x_wconf 90' lang='lat' dir='ltr'>si</span> <span class='ocrx_word' id='word_1_69' title='bbox 625 937 727 995; x_wconf 87' lang='lat' dir='ltr'>sequeus</span> <span class='ocrx_word' id='word_1_70' title='bbox 743 924 875 981; x_wconf 79' lang='lat' dir='ltr'><strong>versiculus</strong></span> <span class='ocrx_word' id='word_1_71' title='bbox 890 926 1011 996; x_wconf 84' lang='lat' dir='ltr'>genuinus</span> <span class='ocrx_word' id='word_1_72' title='bbox 1026 931 1104 987; x_wconf 69' lang='lat' dir='ltr'>essetz</span> 
     </span>
     <span class='ocr_line' id='line_1_9' title="bbox 123 1007 1101 1080; baseline 0 -16"><span class='ocrx_word' id='word_1_73' title='bbox 123 1023 190 1064; x_wconf 89' lang='lat' dir='ltr'>nuno</span> <span class='ocrx_word' id='word_1_74' title='bbox 203 1009 254 1079; x_wconf 91' lang='lat' dir='ltr'>ipsa</span> <span class='ocrx_word' id='word_1_75' title='bbox 265 1009 411 1065; x_wconf 73' lang='lat' dir='ltr'>obscuritate</span> <span class='ocrx_word' id='word_1_76' title='bbox 420 1014 559 1080; x_wconf 84' lang='lat' dir='ltr'>suspectum</span> <span class='ocrx_word' id='word_1_77' title='bbox 575 1007 660 1064; x_wconf 90' lang='lat' dir='ltr'>melior</span> <span class='ocrx_word' id='word_1_78' title='bbox 669 1007 709 1062; x_wconf 88' lang='lat' dir='ltr'>illa</span> <span class='ocrx_word' id='word_1_79' title='bbox 720 1008 850 1064; x_wconf 84' lang='lat' dir='ltr'>auotoritas</span> <span class='ocrx_word' id='word_1_80' title='bbox 859 1008 950 1064; x_wconf 85' lang='lat' dir='ltr'>secludi</span> <span class='ocrx_word' id='word_1_81' title='bbox 968 1007 1050 1064; x_wconf 87' lang='lat' dir='ltr'>suasit.</span> <span class='ocrx_word' id='word_1_82' title='bbox 1065 1034 1101 1047; x_wconf 92' lang='lat'><em>-</em></span> 
     </span>
     <span class='ocr_line' id='line_1_10' title="bbox 127 1090 1105 1164; baseline 0 -18"><span class='ocrx_word' id='word_1_83' title='bbox 127 1121 164 1132; x_wconf 87' lang='lat'>—-</span> <span class='ocrx_word' id='word_1_84' title='bbox 178 1092 206 1146; x_wconf 87' lang='lat' dir='ltr'>ll.</span> <span class='ocrx_word' id='word_1_85' title='bbox 217 1095 268 1152; x_wconf 85' lang='grc'>296</span> <span class='ocrx_word' id='word_1_86' title='bbox 279 1094 338 1150; x_wconf 80' lang='lat' dir='ltr'>istor</span> <span class='ocrx_word' id='word_1_87' title='bbox 348 1093 452 1149; x_wconf 88' lang='lat' dir='ltr'>editores</span> <span class='ocrx_word' id='word_1_88' title='bbox 462 1091 570 1163; x_wconf 74' lang='lat' dir='ltr'>plerique</span> <span class='ocrx_word' id='word_1_89' title='bbox 581 1106 635 1146; x_wconf 81' lang='lat' dir='ltr'>crim</span> <span class='ocrx_word' id='word_1_90' title='bbox 647 1090 769 1164; x_wconf 74' lang='lat' dir='ltr'>Negarola</span> <span class='ocrx_word' id='word_1_91' title='bbox 779 1097 804 1146; x_wconf 90' lang='lat' dir='ltr'>et</span> <span class='ocrx_word' id='word_1_92' title='bbox 812 1090 926 1155; x_wconf 85' lang='lat' dir='ltr'>Pithoeo,</span> <span class='ocrx_word' id='word_1_93' title='bbox 936 1091 1044 1164; x_wconf 82' lang='lat' dir='ltr'>‹puamvis</span> <span class='ocrx_word' id='word_1_94' title='bbox 1053 1106 1105 1146; x_wconf 91' lang='lat' dir='ltr'>am·</span> 
     </span>
     <span class='ocr_line' id='line_1_11' title="bbox 124 1171 1103 1247; baseline -0.002 -15"><span class='ocrx_word' id='word_1_95' title='bbox 124 1177 200 1247; x_wconf 81' lang='lat' dir='ltr'>ligna</span> <span class='ocrx_word' id='word_1_96' title='bbox 210 1175 326 1232; x_wconf 87' lang='lat' dir='ltr'>librorum</span> <span class='ocrx_word' id='word_1_97' title='bbox 336 1175 395 1241; x_wconf 84' lang='lat' dir='ltr'>flde,</span> <span class='ocrx_word' id='word_1_98' title='bbox 411 1190 514 1247; x_wconf 82' lang='lat' dir='ltr'>qnorum</span> <span class='ocrx_word' id='word_1_99' title='bbox 530 1175 626 1246; x_wconf 82' lang='lat' dir='ltr'>plurimi</span> <span class='ocrx_word' id='word_1_100' title='bbox 646 1171 735 1239; x_wconf 72' lang='lat' dir='ltr'>loom,</span> <span class='ocrx_word' id='word_1_101' title='bbox 755 1173 900 1232; x_wconf 87' lang='lat' dir='ltr'>Pithoeaous</span> <span class='ocrx_word' id='word_1_102' title='bbox 914 1171 989 1230; x_wconf 82' lang='lat' dir='ltr'>ludos</span> <span class='ocrx_word' id='word_1_103' title='bbox 999 1173 1103 1239; x_wconf 73' lang='lat' dir='ltr'>exiliret</span> 
     </span>
     <span class='ocr_line' id='line_1_12' title="bbox 124 1257 1104 1332; baseline -0.003 -17"><span class='ocrx_word' id='word_1_104' title='bbox 124 1259 237 1332; x_wconf 87' lang='lat' dir='ltr'>huncque</span> <span class='ocrx_word' id='word_1_105' title='bbox 247 1258 343 1317; x_wconf 82' lang='lat' dir='ltr'>Iahnius</span> <span class='ocrx_word' id='word_1_106' title='bbox 353 1265 451 1315; x_wconf 86' lang='lat' dir='ltr'>secutos</span> <span class='ocrx_word' id='word_1_107' title='bbox 461 1266 511 1322; x_wconf 72' lang='lat' dir='ltr'>estc</span> <span class='ocrx_word' id='word_1_108' title='bbox 528 1265 553 1315; x_wconf 90' lang='lat' dir='ltr'>at</span> <span class='ocrx_word' id='word_1_109' title='bbox 563 1274 611 1315; x_wconf 89' lang='lat' dir='ltr'>ooo</span> <span class='ocrx_word' id='word_1_110' title='bbox 623 1259 703 1330; x_wconf 63' lang='grc'><strong>431611</strong></span> <span class='ocrx_word' id='word_1_111' title='bbox 715 1257 745 1314; x_wconf 90' lang='lat' dir='ltr'>de</span> <span class='ocrx_word' id='word_1_112' title='bbox 757 1257 850 1316; x_wconf 75' lang='lat' dir='ltr'>lemuria</span> <span class='ocrx_word' id='word_1_113' title='bbox 860 1257 968 1314; x_wconf 82' lang='lat' dir='ltr'>Romana</span> <span class='ocrx_word' id='word_1_114' title='bbox 987 1271 1029 1328; x_wconf 85' lang='lat' dir='ltr'>per</span> <span class='ocrx_word' id='word_1_115' title='bbox 1037 1265 1104 1314; x_wconf 79' lang='lat' dir='ltr'>este·</span> 
     </span>
     <span class='ocr_line' id='line_1_13' title="bbox 125 1339 1103 1417; baseline -0.003 -18"><span class='ocrx_word' id='word_1_116' title='bbox 125 1358 165 1399; x_wconf 88' lang='lat' dir='ltr'>ras</span> <span class='ocrx_word' id='word_1_117' title='bbox 189 1349 274 1416; x_wconf 78' lang='lat' dir='ltr'>gentes</span> <span class='ocrx_word' id='word_1_118' title='bbox 298 1349 443 1417; x_wconf 80' lang='lat' dir='ltr'>propagata,</span> <span class='ocrx_word' id='word_1_119' title='bbox 467 1342 510 1398; x_wconf 88' lang='lat' dir='ltr'>sed</span> <span class='ocrx_word' id='word_1_120' title='bbox 532 1343 563 1399; x_wconf 88' lang='lat' dir='ltr'>de</span> <span class='ocrx_word' id='word_1_121' title='bbox 583 1342 658 1412; x_wconf 86' lang='lat' dir='ltr'>ipsius</span> <span class='ocrx_word' id='word_1_122' title='bbox 677 1339 743 1396; x_wconf 86' lang='lat' dir='ltr'>urhis</span> <span class='ocrx_word' id='word_1_123' title='bbox 759 1341 866 1398; x_wconf 82' lang='lat' dir='ltr'>moribus</span> <span class='ocrx_word' id='word_1_124' title='bbox 884 1357 943 1412; x_wconf 90' lang='lat' dir='ltr'>pace</span> <span class='ocrx_word' id='word_1_125' title='bbox 959 1349 985 1397; x_wconf 94' lang='lat' dir='ltr'>et</span> <span class='ocrx_word' id='word_1_126' title='bbox 1003 1342 1103 1412; x_wconf 83' lang='lat' dir='ltr'>imperio</span> 
     </span>
     <span class='ocr_line' id='line_1_14' title="bbox 126 1422 1104 1498; baseline -0.001 -16"><span class='ocrx_word' id='word_1_127' title='bbox 126 1426 259 1498; x_wconf 83' lang='lat' dir='ltr'>corruptis,</span> <span class='ocrx_word' id='word_1_128' title='bbox 277 1441 324 1482; x_wconf 87' lang='lat' dir='ltr'>nec</span> <span class='ocrx_word' id='word_1_129' title='bbox 333 1426 404 1484; x_wconf 78' lang='lat' dir='ltr'>colles</span> <span class='ocrx_word' id='word_1_130' title='bbox 413 1424 494 1482; x_wconf 89' lang='lat' dir='ltr'>lodiao</span> <span class='ocrx_word' id='word_1_131' title='bbox 503 1427 585 1496; x_wconf 88' lang='lat' dir='ltr'>potius</span> <span class='ocrx_word' id='word_1_132' title='bbox 595 1439 668 1498; x_wconf 81' lang='lat' dir='ltr'>quam</span> <span class='ocrx_word' id='word_1_133' title='bbox 678 1422 770 1481; x_wconf 85' lang='lat' dir='ltr'>Romae</span> <span class='ocrx_word' id='word_1_134' title='bbox 786 1427 943 1487; x_wconf 65' lang='lat' dir='ltr'>conventuum</span> <span class='ocrx_word' id='word_1_135' title='bbox 960 1427 1040 1495; x_wconf 87' lang='lat' dir='ltr'>recepi</span> <span class='ocrx_word' id='word_1_136' title='bbox 1056 1425 1104 1496; x_wconf 79' lang='lat' dir='ltr'>igi·</span> 
     </span>
     <span class='ocr_line' id='line_1_15' title="bbox 125 1507 1104 1582; baseline -0.004 -16"><span class='ocrx_word' id='word_1_137' title='bbox 125 1517 166 1566; x_wconf 87' lang='lat' dir='ltr'>tor</span> <span class='ocrx_word' id='word_1_138' title='bbox 176 1509 241 1582; x_wconf 82' lang='lat' dir='ltr'>quod</span> <span class='ocrx_word' id='word_1_139' title='bbox 253 1511 404 1568; x_wconf 85' lang='lat' dir='ltr'>coniecturae</span> <span class='ocrx_word' id='word_1_140' title='bbox 419 1516 485 1565; x_wconf 83' lang='lat' dir='ltr'>certo</span> <span class='ocrx_word' id='word_1_141' title='bbox 502 1522 709 1566; x_wconf 85' lang='lat' dir='ltr'>omnesoumeroe</span> <span class='ocrx_word' id='word_1_142' title='bbox 717 1509 808 1579; x_wconf 80' lang='lat' dir='ltr'>implet.</span> <span class='ocrx_word' id='word_1_143' title='bbox 823 1535 860 1547; x_wconf 88' lang='lat'><em>—</em></span> <span class='ocrx_word' id='word_1_144' title='bbox 878 1508 906 1564; x_wconf 85' lang='lat' dir='ltr'>V.</span> <span class='ocrx_word' id='word_1_145' title='bbox 917 1507 1104 1567; x_wconf 63' lang='grc'><strong>801868141-</strong></span> 
     </span>
     <span class='ocr_line' id='line_1_16' title="bbox 126 1591 1104 1666; baseline -0.005 -16"><span class='ocrx_word' id='word_1_146' title='bbox 126 1594 181 1650; x_wconf 83' lang='lat' dir='ltr'>nim</span> <span class='ocrx_word' id='word_1_147' title='bbox 191 1609 248 1648; x_wconf 87' lang='lat' dir='ltr'>cunr</span> <span class='ocrx_word' id='word_1_148' title='bbox 257 1592 377 1666; x_wconf 76' lang='lat' dir='ltr'>Madvigio</span> <span class='ocrx_word' id='word_1_149' title='bbox 386 1593 540 1664; x_wconf 74' lang='lat' dir='ltr'>tmosposuit,</span> <span class='ocrx_word' id='word_1_150' title='bbox 552 1592 696 1665; x_wconf 71' lang='lat' dir='ltr'>astipulante</span> <span class='ocrx_word' id='word_1_151' title='bbox 705 1593 778 1648; x_wconf 90' lang='lat' dir='ltr'>etiam</span> <span class='ocrx_word' id='word_1_152' title='bbox 788 1591 808 1648; x_wconf 90' lang='lat'>1.</span> <span class='ocrx_word' id='word_1_153' title='bbox 821 1591 849 1647; x_wconf 80' lang='grc' dir='ltr'>Ε.</span> <span class='ocrx_word' id='word_1_154' title='bbox 856 1591 885 1648; x_wconf 88' lang='grc' dir='ltr'>Β.</span> <span class='ocrx_word' id='word_1_155' title='bbox 893 1591 989 1664; x_wconf 73' lang='lat' dir='ltr'>Mapore</span> <span class='ocrx_word' id='word_1_156' title='bbox 999 1591 1024 1646; x_wconf 89' lang='lat' dir='ltr'>iu</span> <span class='ocrx_word' id='word_1_157' title='bbox 1034 1591 1104 1646; x_wconf 85' lang='lat' dir='ltr'>Jour-</span> 
     </span>
     <span class='ocr_line' id='line_1_17' title="bbox 125 1675 1104 1750; baseline -0.004 -17"><span class='ocrx_word' id='word_1_158' title='bbox 125 1679 166 1733; x_wconf 88' lang='lat' dir='ltr'>nal</span> <span class='ocrx_word' id='word_1_159' title='bbox 176 1677 205 1732; x_wconf 86' lang='lat' dir='ltr'>oi</span> <span class='ocrx_word' id='word_1_160' title='bbox 212 1677 319 1732; x_wconf 85' lang='lat' dir='ltr'>classical</span> <span class='ocrx_word' id='word_1_161' title='bbox 330 1677 376 1734; x_wconf 86' lang='lat' dir='ltr'>and</span> <span class='ocrx_word' id='word_1_162' title='bbox 385 1677 468 1733; x_wconf 85' lang='lat' dir='ltr'>sacred</span> <span class='ocrx_word' id='word_1_163' title='bbox 479 1675 604 1750; x_wconf 81' lang='lat' dir='ltr'>philology</span> <span class='ocrx_word' id='word_1_164' title='bbox 614 1677 697 1743; x_wconf 82' lang='grc'><strong>1864,</strong></span> <span class='ocrx_word' id='word_1_165' title='bbox 707 1691 731 1746; x_wconf 84' lang='lat' dir='ltr'>p.</span> <span class='ocrx_word' id='word_1_166' title='bbox 743 1680 792 1744; x_wconf 87' lang='lat'>91,</span> <span class='ocrx_word' id='word_1_167' title='bbox 804 1675 919 1732; x_wconf 83' lang='lat' dir='ltr'>librorum</span> <span class='ocrx_word' id='word_1_168' title='bbox 928 1682 1010 1731; x_wconf 77' lang='lat' dir='ltr'>umen</span> <span class='ocrx_word' id='word_1_169' title='bbox 1020 1681 1104 1730; x_wconf 89' lang='lat' dir='ltr'>aucto·</span> 
     </span>
     <span class='ocr_line' id='line_1_18' title="bbox 126 1759 1104 1833; baseline -0.005 -15"><span class='ocrx_word' id='word_1_170' title='bbox 126 1762 197 1818; x_wconf 87' lang='lat' dir='ltr'>ritate</span> <span class='ocrx_word' id='word_1_171' title='bbox 210 1760 278 1816; x_wconf 80' lang='lat' dir='ltr'>valde</span> <span class='ocrx_word' id='word_1_172' title='bbox 288 1759 389 1833; x_wconf 79' lang='lat' dir='ltr'>exiguo,</span> <span class='ocrx_word' id='word_1_173' title='bbox 406 1759 492 1832; x_wconf 75' lang='lat' dir='ltr'>quibm</span> <span class='ocrx_word' id='word_1_174' title='bbox 502 1760 562 1816; x_wconf 93' lang='lat' dir='ltr'>illud</span> <span class='ocrx_word' id='word_1_175' title='bbox 571 1760 648 1818; x_wconf 81' lang='lat' dir='ltr'>fmndi</span> <span class='ocrx_word' id='word_1_176' title='bbox 659 1773 712 1816; x_wconf 65' lang='lat' dir='ltr'>eae</span> <span class='ocrx_word' id='word_1_177' title='bbox 722 1765 829 1831; x_wconf 87' lang='lat' dir='ltr'>poterat,</span> <span class='ocrx_word' id='word_1_178' title='bbox 846 1759 910 1832; x_wconf 81' lang='lat' dir='ltr'>quod</span> <span class='ocrx_word' id='word_1_179' title='bbox 921 1775 943 1816; x_wconf 83' lang='lat' dir='ltr'>v.</span> <span class='ocrx_word' id='word_1_180' title='bbox 955 1761 1006 1817; x_wconf 83' lang='grc'>807</span> <span class='ocrx_word' id='word_1_181' title='bbox 1019 1773 1104 1814; x_wconf 92' lang='lat' dir='ltr'>enon·</span> 
     </span>
     <span class='ocr_line' id='line_1_19' title="bbox 127 1842 1104 1916; baseline -0.005 -15"><span class='ocrx_word' id='word_1_182' title='bbox 127 1845 199 1901; x_wconf 89' lang='lat' dir='ltr'>nullis</span> <span class='ocrx_word' id='word_1_183' title='bbox 209 1845 309 1916; x_wconf 89' lang='lat' dir='ltr'>ipsoque</span> <span class='ocrx_word' id='word_1_184' title='bbox 319 1842 450 1900; x_wconf 86' lang='lat' dir='ltr'>Pithoeano</span> <span class='ocrx_word' id='word_1_185' title='bbox 460 1850 553 1899; x_wconf 88' lang='lat' dir='ltr'>mature</span> <span class='ocrx_word' id='word_1_186' title='bbox 564 1845 668 1912; x_wconf 79' lang='lat' dir='ltr'>esddit,</span> <span class='ocrx_word' id='word_1_187' title='bbox 682 1858 762 1916; x_wconf 89' lang='lat' dir='ltr'>neque</span> <span class='ocrx_word' id='word_1_188' title='bbox 772 1858 845 1900; x_wconf 86' lang='lat' dir='ltr'>sensu</span> <span class='ocrx_word' id='word_1_189' title='bbox 855 1847 973 1915; x_wconf 77' lang='lat' dir='ltr'>urgente,</span> <span class='ocrx_word' id='word_1_190' title='bbox 984 1842 1025 1913; x_wconf 80' lang='lat' dir='ltr'>qui</span> <span class='ocrx_word' id='word_1_191' title='bbox 1035 1842 1104 1898; x_wconf 89' lang='lat' dir='ltr'>nobi·</span> 
     </span>
     <span class='ocr_line' id='line_1_20' title="bbox 126 1926 1103 2000; baseline -0.005 -15"><span class='ocrx_word' id='word_1_192' title='bbox 126 1930 175 1985; x_wconf 92' lang='lat' dir='ltr'>lem</span> <span class='ocrx_word' id='word_1_193' title='bbox 185 1943 281 2000; x_wconf 81' lang='lat' dir='ltr'>quoque</span> <span class='ocrx_word' id='word_1_194' title='bbox 290 1927 414 1984; x_wconf 85' lang='lat' dir='ltr'>mulierem</span> <span class='ocrx_word' id='word_1_195' title='bbox 424 1926 566 1983; x_wconf 82' lang='lat' dir='ltr'>Pudicitiam</span> <span class='ocrx_word' id='word_1_196' title='bbox 579 1926 676 1982; x_wconf 85' lang='lat' dir='ltr'>irridere</span> <span class='ocrx_word' id='word_1_197' title='bbox 688 1927 788 1996; x_wconf 79' lang='lat' dir='ltr'>padum,</span> <span class='ocrx_word' id='word_1_198' title='bbox 805 1927 826 1982; x_wconf 88' lang='lat' dir='ltr'>si</span> <span class='ocrx_word' id='word_1_199' title='bbox 837 1941 893 1982; x_wconf 82' lang='lat' dir='ltr'>orem</span> <span class='ocrx_word' id='word_1_200' title='bbox 910 1926 1003 1980; x_wconf 88' lang='lat' dir='ltr'>lamoso</span> <span class='ocrx_word' id='word_1_201' title='bbox 1013 1931 1103 1989; x_wconf 87' lang='lat' dir='ltr'>scorto,</span> 
     </span>
     <span class='ocr_line' id='line_1_21' title="bbox 127 2006 1101 2084; baseline -0.001 -18"><span class='ocrx_word' id='word_1_202' title='bbox 127 2012 224 2084; x_wconf 88' lang='lat' dir='ltr'>qualem</span> <span class='ocrx_word' id='word_1_203' title='bbox 233 2011 340 2068; x_wconf 78' lang='lat' dir='ltr'>Mauram</span> <span class='ocrx_word' id='word_1_204' title='bbox 351 2011 401 2067; x_wconf 87' lang='lat' dir='ltr'>Sat.</span> <span class='ocrx_word' id='word_1_205' title='bbox 413 2009 444 2067; x_wconf 85' lang='lat' dir='ltr'>X.</span> <span class='ocrx_word' id='word_1_206' title='bbox 455 2014 507 2068; x_wconf 92' lang='grc'><strong>224</strong></span> <span class='ocrx_word' id='word_1_207' title='bbox 517 2011 654 2077; x_wconf 76' lang='lat' dir='ltr'>posuimus,</span> <span class='ocrx_word' id='word_1_208' title='bbox 668 2009 732 2064; x_wconf 90' lang='lat' dir='ltr'>illins</span> <span class='ocrx_word' id='word_1_209' title='bbox 743 2024 808 2064; x_wconf 82' lang='lat' dir='ltr'>uam</span> <span class='ocrx_word' id='word_1_210' title='bbox 825 2007 945 2080; x_wconf 83' lang='lat' dir='ltr'>praeterit</span> <span class='ocrx_word' id='word_1_211' title='bbox 960 2035 1001 2046; x_wconf 91' lang='lat'>—</span> <span class='ocrx_word' id='word_1_212' title='bbox 1011 2006 1039 2061; x_wconf 84' lang='lat' dir='ltr'>V.</span> <span class='ocrx_word' id='word_1_213' title='bbox 1050 2008 1101 2065; x_wconf 86' lang='grc'><strong>847</strong></span> 
     </span>
     <span class='ocr_line' id='line_1_22' title="bbox 126 2089 1104 2169; baseline -0.006 -19"><span class='ocrx_word' id='word_1_214' title='bbox 126 2093 240 2169; x_wconf 83' lang='lat' dir='ltr'>prclriio,</span> <span class='ocrx_word' id='word_1_215' title='bbox 251 2095 314 2165; x_wconf 90' lang='lat' dir='ltr'>quod</span> <span class='ocrx_word' id='word_1_216' title='bbox 324 2097 349 2151; x_wconf 89' lang='lat' dir='ltr'>in</span> <span class='ocrx_word' id='word_1_217' title='bbox 358 2093 421 2151; x_wconf 88' lang='lat' dir='ltr'>Pith.</span> <span class='ocrx_word' id='word_1_218' title='bbox 430 2101 484 2160; x_wconf 81' lang='lat' dir='ltr'>est,</span> <span class='ocrx_word' id='word_1_219' title='bbox 505 2108 548 2148; x_wconf 88' lang='lat' dir='ltr'>cnr</span> <span class='ocrx_word' id='word_1_220' title='bbox 558 2091 654 2149; x_wconf 79' lang='lat' dir='ltr'>hhnius</span> <span class='ocrx_word' id='word_1_221' title='bbox 663 2093 763 2164; x_wconf 77' lang='lat' dir='ltr'>vulgato</span> <span class='ocrx_word' id='word_1_222' title='bbox 780 2091 859 2148; x_wconf 69' lang='lat' dir='ltr'>solide</span> <span class='ocrx_word' id='word_1_223' title='bbox 868 2089 1036 2164; x_wconf 80' lang='lat' dir='ltr'>posthaberet,</span> <span class='ocrx_word' id='word_1_224' title='bbox 1047 2104 1104 2145; x_wconf 89' lang='lat' dir='ltr'>cau-</span> 
     </span>
     <span class='ocr_line' id='line_1_23' title="bbox 126 2176 1102 2249; baseline -0.005 -16"><span class='ocrx_word' id='word_1_225' title='bbox 126 2193 180 2234; x_wconf 90' lang='lat' dir='ltr'>sam</span> <span class='ocrx_word' id='word_1_226' title='bbox 191 2178 265 2234; x_wconf 84' lang='lat' dir='ltr'>inisse</span> <span class='ocrx_word' id='word_1_227' title='bbox 274 2179 299 2234; x_wconf 90' lang='lat' dir='ltr'>io</span> <span class='ocrx_word' id='word_1_228' title='bbox 308 2178 400 2236; x_wconf 82' lang='lat' dir='ltr'>Vindio.</span> <span class='ocrx_word' id='word_1_229' title='bbox 412 2193 437 2248; x_wconf 91' lang='lat' dir='ltr'>p.</span> <span class='ocrx_word' id='word_1_230' title='bbox 448 2182 465 2237; x_wconf 87' lang='lat'><strong>9</strong></span> <span class='ocrx_word' id='word_1_231' title='bbox 475 2178 574 2249; x_wconf 83' lang='lat' dir='ltr'>negari,</span> <span class='ocrx_word' id='word_1_232' title='bbox 591 2176 729 2249; x_wconf 80' lang='lat' dir='ltr'>ibidemque</span> <span class='ocrx_word' id='word_1_233' title='bbox 737 2176 833 2233; x_wconf 83' lang='lat' dir='ltr'>defendi</span> <span class='ocrx_word' id='word_1_234' title='bbox 842 2191 866 2231; x_wconf 82' lang='lat' dir='ltr'>v.</span> <span class='ocrx_word' id='word_1_235' title='bbox 875 2176 927 2234; x_wconf 89' lang='grc'>882</span> <span class='ocrx_word' id='word_1_236' title='bbox 941 2181 1102 2236; x_wconf 61' lang='lat' dir='ltr'>nummus,</span> 
     </span>
     <span class='ocr_line' id='line_1_24' title="bbox 126 2257 1102 2334; baseline -0.005 -16"><span class='ocrx_word' id='word_1_237' title='bbox 126 2263 191 2334; x_wconf 83' lang='lat' dir='ltr'>quod</span> <span class='ocrx_word' id='word_1_238' title='bbox 208 2261 250 2317; x_wconf 88' lang='lat' dir='ltr'>ille</span> <span class='ocrx_word' id='word_1_239' title='bbox 259 2261 391 2320; x_wconf 83' lang='lat' dir='ltr'>Marklandi</span> <span class='ocrx_word' id='word_1_240' title='bbox 407 2261 559 2318; x_wconf 78' lang='lat' dir='ltr'>coniecturae</span> <span class='ocrx_word' id='word_1_241' title='bbox 570 2261 701 2333; x_wconf 67' lang='lat' dir='ltr'>monster</span> <span class='ocrx_word' id='word_1_242' title='bbox 716 2259 893 2323; x_wconf 84' lang='lat' dir='ltr'>redereiuseit;</span> <span class='ocrx_word' id='word_1_243' title='bbox 909 2257 1006 2314; x_wconf 88' lang='lat' dir='ltr'>mallem</span> <span class='ocrx_word' id='word_1_244' title='bbox 1015 2271 1038 2312; x_wconf 86' lang='lat' dir='ltr'>v.</span> <span class='ocrx_word' id='word_1_245' title='bbox 1050 2259 1102 2315; x_wconf 81' lang='grc'>871</span> 
     </span>
     <span class='ocr_line' id='line_1_25' title="bbox 126 2338 1104 2418; baseline -0.009 -16"><span class='ocrx_word' id='word_1_246' title='bbox 126 2351 274 2418; x_wconf 75' lang='lat' dir='ltr'>mapeuutor</span> <span class='ocrx_word' id='word_1_247' title='bbox 289 2346 423 2417; x_wconf 78' lang='lat' dir='ltr'>scripsisset</span> <span class='ocrx_word' id='word_1_248' title='bbox 431 2360 475 2416; x_wconf 92' lang='lat' dir='ltr'>pro</span> <span class='ocrx_word' id='word_1_249' title='bbox 487 2351 612 2417; x_wconf 62' lang='lat' dir='ltr'>matos,</span> <span class='ocrx_word' id='word_1_250' title='bbox 624 2343 689 2416; x_wconf 85' lang='lat' dir='ltr'>quod</span> <span class='ocrx_word' id='word_1_251' title='bbox 698 2344 747 2398; x_wconf 89' lang='lat' dir='ltr'>iam</span> <span class='ocrx_word' id='word_1_252' title='bbox 757 2359 772 2399; x_wconf 92' lang='lat' dir='ltr'>a</span> <span class='ocrx_word' id='word_1_253' title='bbox 781 2341 907 2399; x_wconf 83' lang='lat' dir='ltr'>Pithoeani</span> <span class='ocrx_word' id='word_1_254' title='bbox 916 2355 989 2398; x_wconf 85' lang='lat' dir='ltr'>manu</span> <span class='ocrx_word' id='word_1_255' title='bbox 999 2338 1104 2394; x_wconf 86' lang='lat' dir='ltr'>secunda</span> 
     </span>
     <span class='ocr_line' id='line_1_26' title="bbox 127 2422 1104 2500; baseline -0.011 -14"><span class='ocrx_word' id='word_1_256' title='bbox 127 2436 262 2486; x_wconf 86' lang='lat' dir='ltr'>correctum</span> <span class='ocrx_word' id='word_1_257' title='bbox 280 2445 379 2500; x_wconf 87' lang='lat' dir='ltr'>prorsus</span> <span class='ocrx_word' id='word_1_258' title='bbox 394 2428 495 2486; x_wconf 79' lang='lat' dir='ltr'>alenam</span> <span class='ocrx_word' id='word_1_259' title='bbox 512 2427 644 2500; x_wconf 76' lang='lat' dir='ltr'>imaginem</span> <span class='ocrx_word' id='word_1_260' title='bbox 659 2425 717 2482; x_wconf 81' lang='lat' dir='ltr'>huic</span> <span class='ocrx_word' id='word_1_261' title='bbox 734 2424 889 2496; x_wconf 79' lang='lat' dir='ltr'>descriptioni</span> <span class='ocrx_word' id='word_1_262' title='bbox 905 2423 1021 2480; x_wconf 79' lang='lat' dir='ltr'>admiscet</span> <span class='ocrx_word' id='word_1_263' title='bbox 1032 2422 1104 2492; x_wconf 83' lang='lat' dir='ltr'>ioque</span> 
     </span>
     <span class='ocr_line' id='line_1_27' title="bbox 127 2505 1104 2586; baseline -0.01 -17"><span class='ocrx_word' id='word_1_264' title='bbox 127 2519 194 2569; x_wconf 86' lang='lat' dir='ltr'>tanta</span> <span class='ocrx_word' id='word_1_265' title='bbox 203 2513 327 2586; x_wconf 79' lang='lat' dir='ltr'>uniusque</span> <span class='ocrx_word' id='word_1_266' title='bbox 337 2511 404 2569; x_wconf 80' lang='lat' dir='ltr'>uerbi</span> <span class='ocrx_word' id='word_1_267' title='bbox 413 2511 565 2575; x_wconf 80' lang='lat' dir='ltr'>melosinae,</span> <span class='ocrx_word' id='word_1_268' title='bbox 578 2511 647 2566; x_wconf 86' lang='lat' dir='ltr'>ouius</span> <span class='ocrx_word' id='word_1_269' title='bbox 657 2510 729 2566; x_wconf 85' lang='lat' dir='ltr'>etiam</span> <span class='ocrx_word' id='word_1_270' title='bbox 739 2508 789 2564; x_wconf 83' lang='lat' dir='ltr'>vn.</span> <span class='ocrx_word' id='word_1_271' title='bbox 800 2513 835 2566; x_wconf 88' lang='grc'>22</span> <span class='ocrx_word' id='word_1_272' title='bbox 846 2506 984 2578; x_wconf 81' lang='lat' dir='ltr'>exemplum</span> <span class='ocrx_word' id='word_1_273' title='bbox 994 2506 1037 2576; x_wconf 89' lang='lat' dir='ltr'>dat</span> <span class='ocrx_word' id='word_1_274' title='bbox 1047 2505 1104 2560; x_wconf 85' lang='lat' dir='ltr'>alia-</span> 
     </span>
     <span class='ocr_line' id='line_1_28' title="bbox 126 2589 1104 2670; baseline -0.009 -17"><span class='ocrx_word' id='word_1_275' title='bbox 126 2611 175 2670; x_wconf 87' lang='lat' dir='ltr'>que</span> <span class='ocrx_word' id='word_1_276' title='bbox 191 2595 352 2652; x_wconf 79' lang='lat' dir='ltr'>Eiohstadtius</span> <span class='ocrx_word' id='word_1_277' title='bbox 372 2594 499 2667; x_wconf 77' lang='lat' dir='ltr'>inProgr.</span> <span class='ocrx_word' id='word_1_278' title='bbox 516 2600 620 2665; x_wconf 87' lang='lat' dir='ltr'>proreot.</span> <span class='ocrx_word' id='word_1_279' title='bbox 638 2592 731 2648; x_wconf 88' lang='lat' dir='ltr'>lenensi</span> <span class='ocrx_word' id='word_1_280' title='bbox 743 2595 811 2652; x_wconf 87' lang='grc'><strong>1846</strong></span> <span class='ocrx_word' id='word_1_281' title='bbox 830 2607 853 2662; x_wconf 90' lang='lat' dir='ltr'>p.</span> <span class='ocrx_word' id='word_1_282' title='bbox 873 2596 905 2649; x_wconf 92' lang='grc'>11</span> <span class='ocrx_word' id='word_1_283' title='bbox 922 2590 1015 2655; x_wconf 88' lang='lat' dir='ltr'>attulit,</span> <span class='ocrx_word' id='word_1_284' title='bbox 1038 2589 1104 2646; x_wconf 92' lang='lat' dir='ltr'>omni</span> 
     </span>
     <span class='ocr_line' id='line_1_29' title="bbox 127 2673 1104 2750; baseline -0.009 -14"><span class='ocrx_word' id='word_1_285' title='bbox 127 2679 270 2737; x_wconf 84' lang='lat' dir='ltr'>emendandi</span> <span class='ocrx_word' id='word_1_286' title='bbox 286 2679 425 2736; x_wconf 84' lang='lat' dir='ltr'>difficultate</span> <span class='ocrx_word' id='word_1_287' title='bbox 442 2685 520 2743; x_wconf 86' lang='lat' dir='ltr'>caret;</span> <span class='ocrx_word' id='word_1_288' title='bbox 538 2693 584 2734; x_wconf 89' lang='lat' dir='ltr'>neo</span> <span class='ocrx_word' id='word_1_289' title='bbox 594 2693 617 2736; x_wconf 84' lang='lat' dir='ltr'>c.</span> <span class='ocrx_word' id='word_1_290' title='bbox 629 2679 680 2735; x_wconf 85' lang='grc'>886</span> <span class='ocrx_word' id='word_1_291' title='bbox 691 2676 775 2741; x_wconf 74' lang='lat' dir='ltr'>hudo,</span> <span class='ocrx_word' id='word_1_292' title='bbox 787 2676 851 2750; x_wconf 77' lang='lat' dir='ltr'>quod</span> <span class='ocrx_word' id='word_1_293' title='bbox 861 2673 927 2750; x_wconf 77' lang='lat' dir='ltr'>Appi</span> <span class='ocrx_word' id='word_1_294' title='bbox 936 2673 1040 2733; x_wconf 84' lang='lat' dir='ltr'>nominis</span> <span class='ocrx_word' id='word_1_295' title='bbox 1051 2686 1104 2728; x_wconf 89' lang='lat' dir='ltr'>mu·</span> 
     </span>
     <span class='ocr_line' id='line_1_30' title="bbox 125 2758 1105 2835; baseline -0.009 -16"><span class='ocrx_word' id='word_1_296' title='bbox 125 2763 211 2819; x_wconf 89' lang='lat' dir='ltr'>lierem</span> <span class='ocrx_word' id='word_1_297' title='bbox 226 2779 283 2820; x_wconf 90' lang='lat' dir='ltr'>cum</span> <span class='ocrx_word' id='word_1_298' title='bbox 301 2761 428 2820; x_wconf 74' lang='lat' dir='ltr'>imolam</span> <span class='ocrx_word' id='word_1_299' title='bbox 443 2777 515 2835; x_wconf 74' lang='lat' dir='ltr'>pram</span> <span class='ocrx_word' id='word_1_300' title='bbox 525 2759 578 2818; x_wconf 81' lang='lat' dir='ltr'>Aeli</span> <span class='ocrx_word' id='word_1_301' title='bbox 593 2776 650 2816; x_wconf 87' lang='lat' dir='ltr'>oum</span> <span class='ocrx_word' id='word_1_302' title='bbox 660 2760 757 2816; x_wconf 87' lang='lat' dir='ltr'>lleinsio</span> <span class='ocrx_word' id='word_1_303' title='bbox 775 2760 888 2832; x_wconf 86' lang='lat' dir='ltr'>amplecti</span> <span class='ocrx_word' id='word_1_304' title='bbox 905 2758 1003 2821; x_wconf 85' lang='lat' dir='ltr'>maluit,</span> <span class='ocrx_word' id='word_1_305' title='bbox 1021 2772 1069 2827; x_wconf 83' lang='lat' dir='ltr'>quo</span> <span class='ocrx_word' id='word_1_306' title='bbox 1079 2762 1105 2810; x_wconf 90' lang='lat' dir='ltr'>et</span> 
     </span>
     <span class='ocr_line' id='line_1_31' title="bbox 127 2833 1104 2916; baseline -0.006 -14"><span class='ocrx_word' id='word_1_307' title='bbox 127 2847 239 2903; x_wconf 90' lang='lat' dir='ltr'>codicum</span> <span class='ocrx_word' id='word_1_308' title='bbox 250 2847 323 2903; x_wconf 88' lang='lat' dir='ltr'>lectio</span> <span class='ocrx_word' id='word_1_309' title='bbox 333 2846 377 2904; x_wconf 85' lang='lat' dir='ltr'>ulti</span> <span class='ocrx_word' id='word_1_310' title='bbox 392 2833 565 2902; x_wconf 69' lang='lat' dir='ltr'>etLomies&#39;mu</span> <span class='ocrx_word' id='word_1_311' title='bbox 580 2846 671 2901; x_wconf 89' lang='lat' dir='ltr'>mentio</span> <span class='ocrx_word' id='word_1_312' title='bbox 682 2850 821 2916; x_wconf 81' lang='lat' dir='ltr'>antegressa</span> <span class='ocrx_word' id='word_1_313' title='bbox 837 2842 947 2899; x_wconf 86' lang='lat' dir='ltr'>ducebat.</span> <span class='ocrx_word' id='word_1_314' title='bbox 962 2869 998 2880; x_wconf 90' lang='lat'><em>-</em></span> <span class='ocrx_word' id='word_1_315' title='bbox 1012 2839 1040 2894; x_wconf 86' lang='lat' dir='ltr'>ll.</span> <span class='ocrx_word' id='word_1_316' title='bbox 1053 2841 1104 2897; x_wconf 86' lang='grc'><strong>469</strong></span> 
     </span>
     <span class='ocr_line' id='line_1_32' title="bbox 126 2922 1105 3002; baseline -0.012 -15"><span class='ocrx_word' id='word_1_317' title='bbox 126 2931 232 2986; x_wconf 64' lang='lat' dir='ltr'>mosis</span> <span class='ocrx_word' id='word_1_318' title='bbox 242 2945 286 3002; x_wconf 87' lang='lat' dir='ltr'>pro</span> <span class='ocrx_word' id='word_1_319' title='bbox 297 2929 398 2986; x_wconf 67' lang='lat' dir='ltr'>mamis</span> <span class='ocrx_word' id='word_1_320' title='bbox 407 2930 446 2984; x_wconf 86' lang='lat' dir='ltr'>vel</span> <span class='ocrx_word' id='word_1_321' title='bbox 456 2935 539 2985; x_wconf 85' lang='lat' dir='ltr'>oontm</span> <span class='ocrx_word' id='word_1_322' title='bbox 549 2928 706 2984; x_wconf 69' lang='lat' dir='ltr'>pithoeanum</span> <span class='ocrx_word' id='word_1_323' title='bbox 717 2928 864 2984; x_wconf 88' lang='lat' dir='ltr'>constantiae</span> <span class='ocrx_word' id='word_1_324' title='bbox 874 2925 942 2990; x_wconf 88' lang='lat' dir='ltr'>dedi,</span> <span class='ocrx_word' id='word_1_325' title='bbox 955 2937 1016 2996; x_wconf 83' lang='lat' dir='ltr'>quae</span> <span class='ocrx_word' id='word_1_326' title='bbox 1029 2922 1070 2976; x_wconf 89' lang='lat' dir='ltr'>hio</span> <span class='ocrx_word' id='word_1_327' title='bbox 1080 2929 1105 2976; x_wconf 91' lang='lat' dir='ltr'>et</span> 
     </span>
     <span class='ocr_line' id='line_1_33' title="bbox 126 3008 1105 3075; baseline -0.009 -3"><span class='ocrx_word' id='word_1_328' title='bbox 126 3011 729 3075; x_wconf 81' lang='lat' dir='ltr'>Sat.x11.5emdemiormamexhiheriiuhuet;</span> <span class='ocrx_word' id='word_1_329' title='bbox 745 3026 804 3066; x_wconf 84' lang='lat' dir='ltr'>mox</span> <span class='ocrx_word' id='word_1_330' title='bbox 818 3015 898 3066; x_wconf 74' lang='lat' dir='ltr'>aumm</span> <span class='ocrx_word' id='word_1_331' title='bbox 914 3023 938 3067; x_wconf 86' lang='lat' dir='ltr'>v.</span> <span class='ocrx_word' id='word_1_332' title='bbox 949 3011 1000 3066; x_wconf 87' lang='grc'><strong>461</strong></span> <span class='ocrx_word' id='word_1_333' title='bbox 1009 3008 1105 3064; x_wconf 84' lang='grc'><strong>-468</strong></span> 
     </span>
     <span class='ocr_line' id='line_1_34' title="bbox 126 3092 1103 3169; baseline -0.009 -16"><span class='ocrx_word' id='word_1_334' title='bbox 126 3098 227 3167; x_wconf 88' lang='lat' dir='ltr'>pristino</span> <span class='ocrx_word' id='word_1_335' title='bbox 239 3098 315 3153; x_wconf 89' lang='lat' dir='ltr'>ordini</span> <span class='ocrx_word' id='word_1_336' title='bbox 327 3098 435 3164; x_wconf 77' lang='lat' dir='ltr'>restitui,</span> <span class='ocrx_word' id='word_1_337' title='bbox 446 3112 519 3169; x_wconf 82' lang='lat' dir='ltr'>quem</span> <span class='ocrx_word' id='word_1_338' title='bbox 529 3096 619 3152; x_wconf 88' lang='lat' dir='ltr'>nollem</span> <span class='ocrx_word' id='word_1_339' title='bbox 629 3095 725 3151; x_wconf 80' lang='lat' dir='ltr'>Iahnius</span> <span class='ocrx_word' id='word_1_340' title='bbox 736 3108 792 3150; x_wconf 89' lang='lat' dir='ltr'>eum</span> <span class='ocrx_word' id='word_1_341' title='bbox 803 3092 924 3165; x_wconf 84' lang='lat' dir='ltr'>Madvigio</span> <span class='ocrx_word' id='word_1_342' title='bbox 935 3092 969 3147; x_wconf 89' lang='lat' dir='ltr'>ita</span> <span class='ocrx_word' id='word_1_343' title='bbox 979 3095 1103 3154; x_wconf 89' lang='lat' dir='ltr'>mutasset,</span> 
     </span>
     <span class='ocr_line' id='line_1_35' title="bbox 126 3172 1104 3252; baseline -0.015 -10"><span class='ocrx_word' id='word_1_344' title='bbox 126 3187 153 3236; x_wconf 82' lang='lat' dir='ltr'>ut</span> <span class='ocrx_word' id='word_1_345' title='bbox 163 3196 187 3239; x_wconf 84' lang='lat' dir='ltr'>v.</span> <span class='ocrx_word' id='word_1_346' title='bbox 201 3185 254 3239; x_wconf 89' lang='grc'>464</span> <span class='ocrx_word' id='word_1_347' title='bbox 261 3209 297 3222; x_wconf 86' lang='lat'>-</span> <span class='ocrx_word' id='word_1_348' title='bbox 306 3185 359 3240; x_wconf 90' lang='grc'><strong>466</strong></span> <span class='ocrx_word' id='word_1_349' title='bbox 369 3187 532 3252; x_wconf 88' lang='lat' dir='ltr'>anteponeret.</span> <span class='ocrx_word' id='word_1_350' title='bbox 555 3179 702 3251; x_wconf 80' lang='lat' dir='ltr'>Madvigium</span> <span class='ocrx_word' id='word_1_351' title='bbox 712 3178 802 3234; x_wconf 79' lang='lat' dir='ltr'>interm</span> <span class='ocrx_word' id='word_1_352' title='bbox 812 3176 895 3241; x_wconf 84' lang='lat' dir='ltr'>movit,</span> <span class='ocrx_word' id='word_1_353' title='bbox 907 3175 971 3247; x_wconf 85' lang='lat' dir='ltr'>quod</span> <span class='ocrx_word' id='word_1_354' title='bbox 983 3189 1030 3230; x_wconf 91' lang='lat' dir='ltr'>oon</span> <span class='ocrx_word' id='word_1_355' title='bbox 1042 3172 1104 3228; x_wconf 88' lang='lat' dir='ltr'>arbi·</span> 
     </span>
     <span class='ocr_line' id='line_1_36' title="bbox 125 3256 1104 3337; baseline -0.007 -19"><span class='ocrx_word' id='word_1_356' title='bbox 125 3271 178 3319; x_wconf 86' lang='lat' dir='ltr'>tror</span> <span class='ocrx_word' id='word_1_357' title='bbox 187 3265 338 3319; x_wconf 90' lang='lat' dir='ltr'>commodius</span> <span class='ocrx_word' id='word_1_358' title='bbox 348 3265 378 3322; x_wconf 88' lang='lat' dir='ltr'>ad</span> <span class='ocrx_word' id='word_1_359' title='bbox 394 3264 481 3337; x_wconf 79' lang='lat' dir='ltr'>foliato</span> <span class='ocrx_word' id='word_1_360' title='bbox 490 3263 592 3320; x_wconf 75' lang='lat' dir='ltr'>meotis</span> <span class='ocrx_word' id='word_1_361' title='bbox 604 3269 692 3334; x_wconf 82' lang='lat' dir='ltr'>paratu</span> <span class='ocrx_word' id='word_1_362' title='bbox 701 3276 774 3334; x_wconf 67' lang='lat' dir='ltr'>mam</span> <span class='ocrx_word' id='word_1_363' title='bbox 784 3260 814 3316; x_wconf 90' lang='lat' dir='ltr'>ad</span> <span class='ocrx_word' id='word_1_364' title='bbox 825 3273 880 3314; x_wconf 91' lang='lat' dir='ltr'>eum</span> <span class='ocrx_word' id='word_1_365' title='bbox 892 3264 1003 3314; x_wconf 87' lang='lat' dir='ltr'>ornatum</span> <span class='ocrx_word' id='word_1_366' title='bbox 1013 3256 1104 3319; x_wconf 81' lang='lat' dir='ltr'>reterri,</span> 
     </span>
     <span class='ocr_line' id='line_1_37' title="bbox 125 3337 1105 3418; baseline -0.012 -15"><span class='ocrx_word' id='word_1_367' title='bbox 125 3346 167 3418; x_wconf 89' lang='lat' dir='ltr'>qui</span> <span class='ocrx_word' id='word_1_368' title='bbox 176 3363 200 3404; x_wconf 85' lang='lat' dir='ltr'>v.</span> <span class='ocrx_word' id='word_1_369' title='bbox 212 3347 432 3410; x_wconf 68' lang='lat' dir='ltr'>assuescendum</span> <span class='ocrx_word' id='word_1_370' title='bbox 446 3364 493 3404; x_wconf 87' lang='lat' dir='ltr'>neo</span> <span class='ocrx_word' id='word_1_371' title='bbox 504 3346 600 3402; x_wconf 83' lang='lat' dir='ltr'>moechi</span> <span class='ocrx_word' id='word_1_372' title='bbox 610 3361 667 3401; x_wconf 87' lang='lat' dir='ltr'>cura</span> <span class='ocrx_word' id='word_1_373' title='bbox 677 3345 720 3400; x_wconf 89' lang='lat' dir='ltr'>sed</span> <span class='ocrx_word' id='word_1_374' title='bbox 730 3343 863 3398; x_wconf 83' lang='lat' dir='ltr'>domestica</span> <span class='ocrx_word' id='word_1_375' title='bbox 875 3341 977 3396; x_wconf 83' lang='lat' dir='ltr'>foeditas</span> <span class='ocrx_word' id='word_1_376' title='bbox 988 3346 1059 3410; x_wconf 87' lang='lat' dir='ltr'>eaput</span> <span class='ocrx_word' id='word_1_377' title='bbox 1070 3337 1105 3392; x_wconf 90' lang='lat' dir='ltr'>rei</span> 
     </span>
    </p>
   </div>
   <div class='ocr_carea' id='block_1_4' title="bbox 124 3423 1212 3503">
    <p class='ocr_par' dir='ltr' id='par_1_5' title="bbox 124 3423 1212 3503">
     <span class='ocr_line' id='line_1_38' title="bbox 124 3423 1212 3503; baseline -0.011 -17"><span class='ocrx_word' id='word_1_378' title='bbox 124 3436 176 3498; x_wconf 89' lang='lat' dir='ltr'>est,</span> <span class='ocrx_word' id='word_1_379' title='bbox 194 3437 340 3503; x_wconf 88' lang='lat' dir='ltr'>quapropter</span> <span class='ocrx_word' id='word_1_380' title='bbox 357 3432 429 3488; x_wconf 88' lang='lat' dir='ltr'>etiam</span> <span class='ocrx_word' id='word_1_381' title='bbox 446 3430 602 3488; x_wconf 87' lang='lat' dir='ltr'>intolerabilis</span> <span class='ocrx_word' id='word_1_382' title='bbox 612 3429 702 3483; x_wconf 87' lang='lat' dir='ltr'>femina</span> <span class='ocrx_word' id='word_1_383' title='bbox 717 3427 784 3482; x_wconf 82' lang='lat' dir='ltr'>dives</span> <span class='ocrx_word' id='word_1_384' title='bbox 800 3425 880 3487; x_wconf 62' lang='lat' dir='ltr'>andiu</span> <span class='ocrx_word' id='word_1_385' title='bbox 897 3424 955 3478; x_wconf 88' lang='lat' dir='ltr'>hino</span> <span class='ocrx_word' id='word_1_386' title='bbox 964 3423 1039 3494; x_wconf 87' lang='lat' dir='ltr'>igitur</span> <span class='ocrx_word' id='word_1_387' title='bbox 1049 3435 1105 3492; x_wconf 86' lang='lat' dir='ltr'>pro·</span> <span class='ocrx_word' id='word_1_388' title='bbox 1210 3447 1212 3457; x_wconf 81' lang='lat'><em>=</em></span> 
     </span>
    </p>
   </div>
   <div class='ocr_carea' id='block_1_5' title="bbox 124 3503 1105 3579">
    <p class='ocr_par' dir='ltr' id='par_1_6' title="bbox 124 3503 1105 3579">
     <span class='ocr_line' id='line_1_39' title="bbox 124 3503 1105 3579; baseline -0.016 -6"><span class='ocrx_word' id='word_1_389' title='bbox 124 3513 189 3572; x_wconf 80' lang='lat' dir='ltr'>ieeta</span> <span class='ocrx_word' id='word_1_390' title='bbox 201 3515 277 3572; x_wconf 87' lang='lat' dir='ltr'>oratio</span> <span class='ocrx_word' id='word_1_391' title='bbox 288 3515 312 3572; x_wconf 91' lang='lat' dir='ltr'>in</span> <span class='ocrx_word' id='word_1_392' title='bbox 324 3520 462 3572; x_wconf 85' lang='lat' dir='ltr'>transcursu</span> <span class='ocrx_word' id='word_1_393' title='bbox 472 3519 567 3570; x_wconf 88' lang='lat' dir='ltr'>tantum</span> <span class='ocrx_word' id='word_1_394' title='bbox 577 3511 668 3566; x_wconf 86' lang='lat' dir='ltr'>maritis</span> <span class='ocrx_word' id='word_1_395' title='bbox 677 3508 793 3566; x_wconf 73' lang='lat' dir='ltr'>momhos</span> <span class='ocrx_word' id='word_1_396' title='bbox 803 3507 915 3579; x_wconf 88' lang='lat' dir='ltr'>opponit,</span> <span class='ocrx_word' id='word_1_397' title='bbox 929 3506 959 3561; x_wconf 93' lang='lat' dir='ltr'>ad</span> <span class='ocrx_word' id='word_1_398' title='bbox 969 3520 1030 3577; x_wconf 83' lang='lat' dir='ltr'>quos</span> <span class='ocrx_word' id='word_1_399' title='bbox 1039 3503 1105 3558; x_wconf 86' lang='lat' dir='ltr'>solos</span> 
     </span>
    </p>
   </div>
   <div class='ocr_carea' id='block_1_6' title="bbox 0 0 1298 3950">
    <p class='ocr_par' dir='ltr' id='par_1_7' title="bbox 0 0 1298 3950">
     <span class='ocr_line' id='line_1_40' title="bbox 0 0 1298 3950; baseline 0 0"><span class='ocrx_word' id='word_1_400' title='bbox 0 0 1298 3950; x_wconf 95' lang='lat' dir='ltr'> </span> 
     </span>
    </p>
   </div>
  </div>
 </body>
</html>
