2590 3946
326 1031 712 1102 SULPIOIAE
754 1024 1059 1102 subtutus

598 1213 755 1224 -----

183 1372 281 1447 blesa,
297 1370 401 1451 quibus
415 1373 541 1434 numeris
555 1373 662 1433 beroae
678 1381 707 1432 et
724 1387 801 1432 arma
816 1370 1002 1450 frequentas,

182 1454 332 1517 Fabellam
347 1456 483 1532 permitte
497 1455 566 1516 mibi
580 1455 722 1516 detexere
739 1455 850 1533 paucis.

181 1537 253 1598 Nam
268 1536 320 1597 tibi
336 1537 465 1614 secessi,
480 1547 577 1599 tecum
592 1536 744 1617 penetrale
759 1546 920 1600 retractam

183 1618 356 1690 Consilium
383 1638 473 1701 quare
488 1640 544 1682 nec
559 1623 685 1682 carmine
700 1636 786 1682 curro
801 1620 947 1684 Phalaeco

182 1703 247 1764 Nec
263 1705 394 1764 trimetro
410 1704 506 1765 iambo
522 1723 578 1766 nec
595 1706 643 1784 qni
660 1704 737 1784 pede
753 1703 864 1767 inactus
880 1705 983 1768 eodem
1149 1720 1166 1772 5

180 1782 309 1848 Fortiter
325 1789 412 1849 irasci
426 1789 525 1851 didicit
540 1789 615 1850 duce
631 1787 827 1850 Clazomenio.

182 1869 289 1932 Cetera
305 1872 372 1950 quin
389 1873 489 1948 etiam,
507 1882 577 1951 quot
592 1873 718 1951 denique
732 1873 811 1934 milia
836 1871 892 1934 lusi

182 1953 334 2032 Primaque
348 1953 494 2016 Romanas
508 1956 594 2016 docui
611 1957 790 2019 contendere
808 1955 901 2020 (iratis

180 2034 218 2095 Et
235 2037 341 2098 salibus
357 2039 471 2100 variare
486 2041 586 2116 nouis,
610 2049 777 2102 constanter
791 2041 906 2117 omitto,

181 2118 293 2198 Teque,
311 2121 413 2201 quibus
429 2123 567 2202 princeps
583 2132 614 2186 et
630 2123 835 2186 iucundissima
852 2124 960 2202 calles,
1137 2137 1167 2192 lo

180 2202 365 2280 Aggredior:
387 2205 527 2285 precibus
543 2207 693 2270 descende
708 2207 823 2269 clientis
841 2216 870 2269 et
885 2209 960 2270 audi.

222 2285 278 2345 Dic
292 2287 376 2364 milri,
394 2286 546 2369 Calliope,
562 2291 695 2368 quidnam
710 2299 794 2370 pater
808 2290 858 2351 ille
874 2291 995 2353 deornm

181 2368 320 2446 Cogitat?
346 2388 381 2432 an
396 2380 490 2434 terras
508 2383 539 2435 et
554 2377 646 2453 patria
662 2373 764 2436 secula
777 2382 884 2451 mutat,

182 2451 319 2531 Quasque
335 2454 415 2516 dedit
432 2458 592 2536 quondam,
606 2457 795 2519 morientibus
813 2457 901 2539 eripit
915 2467 1013 2538 artes,
1221 2532 1232 2549 .

179 2534 300 2614 Nosque
317 2538 397 2598 iubet
411 2542 517 2602 tacitos
533 2551 562 2602 et
577 2542 633 2602 iarn
647 2541 767 2603 rationis
783 2558 895 2619 egenos
1134 2554 1169 2604 lo

179 2617 245 2677 Non
263 2619 363 2697 aliter,
381 2625 474 2701 primo
491 2642 576 2703 quarn
590 2643 676 2703 quum
692 2627 869 2686 surreximus
885 2644 977 2702 aeuo,

182 2699 339 2764 Glandibus
356 2713 385 2765 et
402 2723 493 2783 purae
509 2724 607 2767 rursus
622 2707 817 2786 procumbere
831 2706 989 2788 lymphae?

179 2784 225 2844 An
241 2786 369 2866 reliquas
387 2794 485 2848 terras
502 2798 657 2848 conservat
672 2790 780 2850 amicus
797 2798 826 2850 et
840 2789 943 2867 urbes,

181 2868 239 2928 Sed
257 2887 350 2946 genus
365 2870 525 2930 Ausonium
540 2869 712 2951 Remulique
728 2872 862 2934 exturbat
877 2871 1028 2934 alumnos?

180 2949 276 3023 Quid?
294 2962 461 3031 reputemus
478 2955 570 3015 enim:
589 2953 645 3014 duo
661 2963 742 3032 sunt,
758 2954 861 3034 quibus
880 2956 981 3018 extulit
997 2957 1099 3034 ingens
1132 2969 1169 3020 ao

180 3032 271 3094 Roma
289 3045 391 3114 eaput:
409 3037 500 3098 virtus
514 3037 586 3099 belli
603 3047 632 3098 et
646 3040 787 3118 sapientia
803 3040 894 3117 pacis.

180 3117 239 3177 Sed
254 3118 361 3194 virtus,
376 3119 483 3196 agitata
498 3120 575 3183 domi
592 3131 620 3182 et
636 3123 793 3184 socialibus
809 3125 911 3201 armis,

178 3199 211 3260 ln
225 3200 301 3261 freta
317 3201 498 3267 Sicaniae-et
516 3203 698 3283 Carthaginis
713 3208 783 3266 exiit
798 3224 884 3267 arces

180 3281 347 3364 Ceteruque
363 3287 484 3366 imperia
500 3299 531 3350 et
546 3298 636 3350 totum
650 3291 734 3351 simul
749 3288 868 3350 abstulit
884 3289 1006 3360 orbem;

179 3365 309 3445 Deinde,
325 3371 406 3431 velut
422 3372 516 3432 stadio
532 3375 627 3433 victor
642 3375 691 3451 qui
710 3372 791 3433 solus
805 3372 928 3435 Achaeo
1120 3382 1169 3452 ,25

179 3447 309 3529 banquet
325 3463 354 3513 et
369 3455 485 3517 immota
500 3473 599 3517 secum
616 3457 721 3517 virtute
736 3456 859 3536 latiscit,
