2582 3950
532 237 656 286 senten
678 238 715 285 11.

193 377 260 438 Non
278 376 342 437 tulit
363 392 402 436 ex
423 375 482 435 illio
503 383 617 435 torvum
637 373 760 434 Laronia
782 375 925 453 quendam

132 460 311 525 clamantem
332 460 438 520 toties:
460 458 510 519 uhi
531 475 607 518 nono
626 457 677 517 lex
698 453 792 518 lolia?
815 455 944 519 dormiri

130 547 230 623 Atque
251 546 290 605 ita
311 542 480 603 subridens:
503 540 613 602 Felicia
634 549 783 620 tempora,
807 559 882 621 quae
906 551 934 602 te

130 628 261 690 hlorihns
284 625 447 706 opponuntl
470 625 653 686 habentium
674 623 766 685 llonra
789 625 947 704 pudorem
1040 667 1044 674 .

131 713 248 773 Tertius
271 729 288 770 e
310 710 396 770 coelo
418 709 525 771 cecidit
548 706 638 769 Cato!
658 707 713 769 ced
730 717 827 769 tannen
849 709 924 769 unde
1084 720 1120 774 to
1178 779 1181 783 ,

130 796 213 856 llaec
235 795 325 871 emis,
347 793 458 855 hirsuto
480 793 591 873 spirant
613 792 803 872 opobalsama
823 792 902 852 collo

131 879 215 954 Quae
237 873 309 938 tihi?
330 896 367 937 ne
388 877 495 956 pudeat
517 877 660 937 doninum
680 884 843 938 monstrare
864 875 1013 936 tabernae.

132 962 218 1036 Quod
241 963 265 1021 ei
281 970 423 1022 vexantur
442 961 545 1038 leges,
565 969 594 1021 at
617 963 678 1022 iure
700 961 783 1021 citari
818 1006 820 1010 .

130 1045 208 1105 Ante
230 1062 331 1105 omnes
352 1044 440 1105 debet
456 1045 620 1116 Scantinia3
655 1045 772 1124 respice
792 1045 913 1122 primum

130 1129 170 1188 Et
192 1138 323 1190 scrutare
341 1130 440 1189 viros:
462 1128 572 1188 iaciant
594 1127 624 1187 hi
645 1127 745 1207 plura,
768 1127 909 1188 sedilios

130 1211 272 1273 Defendit
291 1213 624 1290 numerusiunctueque
646 1211 771 1271 umbone
795 1211 966 1290 phalanges.

130 1295 237 1374 Magna
258 1297 333 1355 inter
354 1295 459 1356 molles
481 1296 654 1365 concordia;
676 1312 734 1355 non
755 1297 810 1356 erit
831 1295 920 1356 ullum

130 1377 306 1459 Exemplum
328 1380 357 1439 in
378 1389 479 1440 nostro
501 1389 558 1441 tam
578 1379 752 1441 detectabile
770 1397 851 1438 sexu.

130 1462 226 1524 Vedia
245 1480 303 1523 non
325 1463 425 1524 lambit
447 1461 579 1524 Cluuiam
600 1481 656 1523 nco
677 1461 765 1522 Flora
789 1459 946 1523 Catullum:

129 1546 223 1625 llispo
243 1546 319 1607 cubit
338 1548 458 1606 iuvenes
481 1556 511 1606 et
531 1546 633 1608 morbo
651 1546 742 1626 pallet
764 1555 897 1624 utroque.

129 1628 275 1708 Numquid
296 1647 350 1690 nos
374 1632 485 1708 agimur
508 1649 629 1707 causas,
653 1631 749 1691 ciuilia
772 1631 833 1690 iura

130 1712 286 1790 Novimus,
308 1722 356 1775 ent
376 1714 437 1774 ullo
460 1715 583 1794 strepitu
605 1714 669 1775 lora
690 1723 789 1774 vestra
812 1709 980 1774 movemns‘l

129 1795 288 1857 Luctantur
310 1814 438 1877 paucae,
462 1798 615 1858 comedunt
627 1797 765 1876 colyphia
784 1814 912 1876 paucae:

131 1880 196 1940 Vos
219 1880 312 1941 lanam
334 1881 445 1942 trahitis
468 1881 650 1960 calathisque
673 1890 793 1959 peracta
811 1880 930 1940 refertis

129 1963 270 2042 Vellera,
292 1981 347 2025 vos
369 1967 448 2025 tenui
469 1972 659 2043 praegnatem
679 1966 802 2024 stamine
823 1963 918 2022 iusum

130 2046 281 2126 Penelope
303 2048 424 2123 melius,
447 2046 540 2108 leuius
562 2049 705 2126 torquetis
727 2046 880 2120 Arachne,

130 2130 257 2193 llcrrida
279 2131 366 2211 quale
389 2132 458 2192 lacit
479 2131 613 2192 residens
635 2133 664 2192 in
682 2131 785 2192 codice
807 2130 932 2210 pellex..

130 2213 238 2276 Notum
261 2225 321 2292 cst,
347 2233 398 2276 cur
419 2216 485 2277 solo
506 2215 620 2277 tabulae
642 2216 807 2296 impleverit
828 2214 927 2276 llister

129 2298 267 2376 liberto,
291 2299 405 2361 dederit
425 2301 509 2360 virne
529 2316 580 2360 cur
598 2300 685 2360 multa
706 2300 833 2378 puellae.
940 2341 942 2346 -

130 2381 223 2442 Dives
245 2383 439 2460 erit‚n1agno
461 2400 536 2462 quae
558 2383 662 2443 dormit
682 2384 768 2444 tertia
789 2383 878 2442 lecto.

131 2464 175 2525 'l'n
195 2465 273 2526 nube
295 2473 381 2543 atque
396 2475 486 2527 tace:
503 2466 613 2526 *donant
633 2483 738 2527 arcana
759 2465 917 2541 cylindros.

130 2548 177 2610 Ile
200 2548 285 2609 nohis
306 2556 373 2627 post
394 2547 470 2608 haec
490 2549 580 2608 tristis
603 2550 745 2610 sententia
765 2549 872 2617 lentum

130 2631 188 2692 Dat
208 2633 323 2692 veniam
345 2633 458 2707 corvio,
480 2640 569 2691 vexat
590 2649 712 2694 censura
736 2631 894 2694 columbas.

194 2713 343 2793 Fugerunt
363 2716 471 2795 trepidi
492 2731 563 2776 vera
586 2734 621 2776 ac
641 2716 792 2778 manifesta
816 2725 966 2778 canentem

131 2799 296 2868 Stoicidae;
327 2801 395 2879 quid
419 2800 494 2860 enirn
513 2799 580 2860 lalri
601 2797 744 2861 Laronia?
768 2800 821 2860 red
844 2800 913 2879 quid
1084 2809 1120 2866 65

129 2880 197 2942 Non
218 2882 327 2943 facient
349 2883 412 2960 alii,
436 2901 521 2962 quum
542 2891 572 2943 tn
593 2885 720 2944 multicia
740 2900 852 2960 sumas,

134 2964 269 3042 Cretico,
293 2975 322 3026 et
338 2966 413 3027 hanc
435 2975 549 3027 vectem
572 2967 682 3046 populo
703 2968 824 3026 mirante
843 2981 969 3044 perores

130 3048 165 3109 ln
185 3048 324 3111 Proculas
347 3059 376 3110 et
397 3045 550 3111 Pollittas?
580 3059 625 3110 est
646 3050 770 3111 moecha
787 3047 923 3110 Fabulla:

131 3131 306 3210 Damnctur,
331 3135 356 3193 ei
377 3134 437 3208 vis,
462 3135 547 3194 etiam
570 3131 710 3195 Garlinia:
735 3133 823 3194 talem

131 3213 198 3276 Non
220 3225 312 3276 sumet
334 3217 465 3279 damnata
486 3226 593 3295 togam.
609 3245 653 3263 --
672 3215 731 3276 Sed
753 3215 842 3276 lulius
863 3216 963 3295 ardet,
1087 3227 1121 3283 lo

131 3297 516 3378 Aeetae-Nudusagas:
537 3301 803 3363 minueettinsania
826 3301 931 3381 turpis!

130 3381 176 3443 lin
197 3382 341 3460 hahitum3
362 3401 420 3464 quc
442 3393 471 3444 te
494 3384 581 3462 leges
603 3403 637 3446 uc
660 3386 723 3447 iana
744 3386 887 3446 terentem

129 3463 308 3527 Vulneribus
330 3467 426 3529 crudit
446 3468 573 3547 populus
594 3469 681 3530 modo
701 3471 795 3530 victor
816 3477 844 3530 ct
866 3469 937 3530 illud
