2582 3950
207 257 244 308 VI
586 255 793 308 assultuum.

207 404 261 459 iano
278 408 373 458 tautum
390 407 474 457 contra
484 402 647 458 [loniitiannur
664 417 776 475 pugnans
790 401 871 459 locum
883 402 947 458 exilii
958 401 1050 460 douln·
1060 421 1132 477 posse
1142 409 1185 464 de-

206 487 325 560 speranda
337 486 406 541 mitto
416 487 488 541 otiam
498 485 656 554 illicitorum,
668 488 709 558 qui
719 487 744 540 iu
753 485 835 542 libello
845 487 959 557 inscripto
971 487 1076 555 Juvenal,
1089 491 1128 546 eiu
1139 491 1185 546 Le-

206 571 278 626 beus-
293 571 344 625 und
355 568 535 625 Charalaterhild
546 584 589 625 ans
605 571 648 626 der
664 568 800 626 romischeu
808 569 956 635 Kaioeraeit,
973 570 1095 628 merleti
1107 576 1184 633 1851.

207 659 232 721 8,
243 670 268 725 p.
281 658 332 711 lou
342 667 395 724 sqq.
406 653 508 708 eundem
518 653 646 709 Manum
656 666 713 708 cum
724 654 835 725 Aegypto
845 653 951 709 reducas
960 654 1114 712 nihilominus
1125 671 1183 729 poc-

206 746 256 794 tam
267 737 349 792 nescio
362 737 457 808 qnando
468 737 493 792 in
503 735 588 792 urbem
598 751 720 791 reversum
728 737 846 808 reliquam
855 737 929 792 vitam
939 738 964 793 iu
976 739 1106 796 libaminis
1115 755 1185 811 prae·

206 823 251 878 diis
268 821 365 892 degisse
379 821 476 884 statuit,
495 834 582 890 nempe
592 820 661 874 venia
676 819 706 874 ab
718 821 862 890 imperatore
871 828 970 892 accepta
985 823 1184 895 reconciliataque

206 906 298 979 gratia,
317 905 386 959 orins
396 905 430 959 rei
439 918 471 958 no
481 903 611 975 uestigium
622 904 718 974 quidem
735 904 798 974 apud
808 911 901 960 veteres
912 911 1022 961 auctores
1033 913 1125 970 castata
1141 907 1184 962 sed
1282 899 1283 922 ¹

205 987 419 1058 neHerinhergius
439 987 549 1058 pidem,
569 988 610 1058 qui
627 987 652 1042 iu
663 984 839 1043 Schneidewini
849 985 978 1060 Philologo
994 989 1022 1044 l.
1035 988 1070 1054 ΙΙ,
1086 1006 1112 1061 p.
1132 991 1183 1048 5¹19

206 1073 321 1145 minuam
331 1075 439 1126 nostram
449 1069 635 1141 disputationem
645 1085 744 1126 assensn
755 1087 799 1126 suo
810 1071 927 1142 probavit,
936 1075 1073 1144 Aegyptum
1081 1074 1184 1130 abiicere
1282 1115 1283 1120 1

205 1171 278 1213 ausus
290 1160 339 1218 est,
351 1167 398 1209 nco
407 1153 575 1226 Bemhardpns
586 1153 713 1210 Gruudu'ss
730 1154 773 1210 der
781 1162 843 1210 rom.
856 1155 904 1210 lit.
917 1171 941 1225 p.
954 1159 1006 1214 5⁰4
1015 1172 1029 1211 a
1039 1163 1120 1212 vome
1131 1157 1183 1227 opi·
1282 1179 1283 1212 r

205 1242 277 1299 uiout
286 1237 404 1304 disoeoeit,
415 1237 441 1292 in
454 1253 501 1310 qno
512 1238 571 1293 illud
581 1239 686 1294 manime
697 1239 778 1304 miror,
789 1239 855 1310 quod
865 1239 906 1310 qrri
922 1245 1028 1294 nostram
1040 1241 1183 1296 seutentiam

204 1321 325 1380 historicis
334 1321 495 1377 fundamentis
506 1337 588 1377 carere
598 1329 685 1394 negat,
703 1321 770 1377 nullo
781 1329 880 1378 auctore
893 1322 1038 1378 Hadrianum
1049 1323 1183 1380 alureuale
1282 1315 1283 1336 ¹

206 1407 325 1464 offensum
335 1419 388 1460 esse
398 1419 494 1460 normae
504 1421 553 1460 nou
570 1405 671 1462 dubitat.
694 1405 725 1460 lit
737 1405 910 1478 liertnbergius
922 1407 1018 1478 qrridem
1029 1405 1183 1462 Cdedouiam
1282 1439 1283 1452 r

205 1491 291 1548 eodem
306 1495 450 1562 mgaamemo
460 1489 601 1561 impugnat,
621 1506 669 1562 quo
686 1490 734 1544 iam
743 1488 879 1544 anmerus
895 1490 922 1544 in
930 1489 1005 1545 lahuii
1015 1487 1102 1546 mehir
1113 1491 1183 1547 1840

205 1575 234 1630 Τ.
245 1574 284 1642 vl
296 1589 321 1643 p.
335 1574 387 1631 374
397 1589 450 1645 sqq.
463 1563 581 1644 consurgit
592 1573 634 1628 uhi
646 1587 721 1644 quum
732 1573 830 1628 omniuo
840 1573 958 1630 luvenalis
968 1573 1066 1629 exilium
1076 1587 1090 1628 a
1101 1587 1183 1646 gram-
1252 1622 1257 1634 ,
1282 1617 1283 1632 r

205 1659 300 1714 maticis
310 1671 340 1711 ex
356 1656 418 1712 locis
434 1663 521 1727 poetae
536 1657 600 1712 male
616 1656 744 1712 intellectis
753 1656 837 1712 lictum
847 1672 900 1712 esse
911 1657 1054 1722 contendat,
1072 1655 1183 1713 scoticae

205 1755 301 1814 quoque
311 1738 410 1796 militiae
419 1740 509 1795 samam
519 1755 550 1796 ex
559 1739 609 1795 Sat.
621 1740 656 1800 Π.
669 1741 823 1798 1591-161
836 1741 954 1813 originem
971 1741 1067 1796 duxisse
1076 1741 1183 1810 suspica-

205 1833 257 1887 tum
274 1824 423 1880 huictameu
440 1825 505 1896 quod
518 1824 548 1878 de
558 1826 669 1896 Aegypto
686 1824 788 1878 libenter
804 1824 923 1888 concedo,
940 1839 1013 1896 quam
1029 1825 1070 1896 qui
1085 1831 1183 1894 poetam

205 1909 292 1964 adiisse
302 1909 327 1963 iu
336 1909 409 1962 satira
418 1907 463 1962 suh
476 1907 556 1978 ipsum
565 1907 629 1963 vitae
636 1907 710 1963 mem
725 1909 816 1980 scripta
828 1908 941 1979 legisset.
956 1907 1045 1962 ibidem
1057 1921 1113 1962 eum
1124 1922 1183 1963 euu-

205 1995 267 2048 lasse
280 1991 351 2048 lacile
362 1991 469 2063 collegit
481 1991 676 2047 idinlubernam
685 1997 710 2046 et
721 1989 826 2047 Orcadas
837 1990 922 2045 eadere
932 2005 1029 2060 prorsus
1039 2004 1112 2062 nego,
1124 2006 1183 2061 quas
1271 1981 1283 2032 l

205 2092 283 2148 noque
293 2073 390 2130 easdem
408 2090 465 2130 cnm
476 2073 559 2130 Soulia
578 2075 751 2147 grammaticus
766 2073 856 2130 habme
871 2080 966 2144 poterat
980 2075 1101 2146 nequoita
1112 2081 1183 2144 poeta

205 2165 330 2222 memorat
342 2166 457 2214 utcoram
467 2159 512 2214 sihi
522 2165 593 2214 notas
603 2156 1183 2231 significet;siromiaeianoal3ritoouonoouonteo
1282 2185 1283 2192 κ

205 2245 285 2316 ipsum
294 2242 382 2298 uidisse
397 2243 452 2297 iude
464 2242 580 2316 colligere
597 2243 668 2306 linet,
683 2241 768 2297 eodem
784 2247 850 2296 certe
864 2241 929 2307 iure,
945 2257 992 2312 qno
1009 2239 1183 2311 ilortabergins
1282 2215 1283 2310 l

205 2327 377 2400 aegyptiacam
388 2333 473 2398 poetae
484 2327 701 2398 peregrinationem
712 2325 743 2380 ad
753 2323 818 2380 exilii
829 2324 881 2379 eius
891 2323 1092 2394 significationem
1103 2323 1183 2378 detor·
1282 2313 1283 2380 ἶ

206 2413 249 2478 sit,
267 2412 313 2466 iter
323 2409 646 2466 BritannicuminScoticae
656 2409 755 2465 militiae
767 2407 933 2463 tmtimoniuuu
943 2405 1116 2463 adhibebimus.
1142 2406 1183 2460 lli·
1282 2413 1283 2478 j

205 2496 322 2550 omninum
332 2500 412 2549 autem
428 2494 500 2549 haim
515 2494 697 2550 laudamentum
713 2492 754 2563 qui
764 2491 896 2555 desiderat,
915 2490 1019 2546 solidum
1036 2505 1065 2544 an
1074 2495 1183 2561 paratum
1282 2547 1283 2564 χ

206 2578 310 2635 inueniet
320 2579 346 2632 iu
360 2578 431 2633 titrrlo
442 2578 528 2649 Aquini
543 2579 568 2631 iu
585 2579 637 2648 ipsa
652 2575 770 2632 luvenalis
783 2575 860 2646 patria
875 2581 983 2644 reperto,
1001 2575 1026 2628 iu
1043 2587 1115 2646 quem
1135 2573 1184 2627 iam

205 2662 374 2734 Pinzgernsin
385 2660 487 2731 Ephem.
500 2662 562 2715 liter.
582 2659 676 2714 leneus.
691 2661 759 2718 1823
769 2657 800 2712 N.
814 2659 849 2714 13
861 2657 1009 2712 cruditomm
1020 2658 1113 2712 animos
1123 2671 1183 2710 con·
1282 2665 1283 2690 ¹

206 2746 285 2810 vertit
297 2746 382 2801 codem
392 2751 473 2799 tamm
484 2758 555 2798 nemo
570 2758 628 2798 usus
638 2749 676 2797 ost
686 2747 781 2813 practer
790 2741 911 2796 Banerum
921 2738 946 2794 in
957 2739 1037 2795 libello
1049 2739 1090 2811 qui
1100 2741 1184 2795 inscri-
1282 2799 1283 2828 1

206 2831 272 2887 bitur
286 2829 405 2884 Kritische
415 2827 602 2898 Bemerkungeu
618 2825 677 2882 uber
697 2825 778 2897 einige
794 2822 955 2880 Nachriclateu
971 2839 1015 2879 aus
1031 2823 1087 2878 dem
1104 2823 1185 2878 Loben
1282 2837 1283 2844 ¹

205 2914 331 2976 luvenals,
347 2911 510 2984 cheusbnrg
526 2913 603 2968 1833.
619 2912 650 2973 8,
667 2923 693 2978 p.
707 2910 755 2972 a&
774 2908 843 2980 isque
853 2922 927 2979 quum
942 2907 1088 2962 iuuuiueusa
1099 2915 1185 2978 poetae
1282 2935 1283 2964 r

206 2999 255 3054 rita
273 2995 428 3071 describenda
443 3001 495 3049 tum
511 2991 535 3048 in
552 2993 599 3047 hoc
612 2992 690 3063 lapide
707 2991 770 3046 ita—a
787 2991 986 3058 seruauerunt,
1004 2997 1114 3062 atquem
1125 2989 1185 3045 Divi

210 3078 353 3152 Vespasiani
366 3077 488 3132 flaminem
504 3075 618 3147 perscribi
632 3077 750 3150 legimus.
772 3090 829 3131 eum
838 3075 883 3132 sub
893 3075 1037 3146 Vespasiano
1052 3074 1091 3130 bis
1107 3073 1185 3130 flami·
1282 3091 1283 3140 3

207 3179 263 3220 nem
274 3163 348 3218 luisse
356 3167 463 3216 uamaret
472 3175 549 3233 eoque
561 3160 627 3216 iacto
637 3161 787 3226 iuvenalem,
804 3175 877 3232 quem
893 3175 914 3214 a.
929 3162 1000 3229 sip.
1010 3157 1068 3215 Chr.
1079 3157 1124 3212 suli
1135 3157 1186 3213 Dn-
1282 3215 1283 3218 Ἴ

208 3247 306 3302 mitiano
317 3245 445 3299 stationem
456 3245 597 3318 iudegypio
609 3244 721 3300 hahuime
732 3261 763 3299 eu
773 3243 902 3314 pmuaSat.
909 3241 1071 3299 illectione
1081 3243 1185 3297 somnia-

207 3331 253 3393 rit,
266 3329 320 3400 quia
336 3329 384 3383 iarn
394 3328 448 3384 vivo
467 3329 537 3385 huius
553 3334 621 3400 patre
637 3329 731 3385 cohorti
744 3327 909 3384 Dalmatarum
922 3325 1076 3396 praeirrisset,
1094 3324 1132 3379 uel
1148 3325 1185 3379 his

208 3411 292 3467 militia
299 3412 519 3470 irmctumstatnere
525 3423 661 3486 cogeretur.
681 3410 730 3468 Sed
740 3411 784 3468 has
790 3408 988 3467 hallucinationes
995 3408 1068 3464 verbo
1075 3405 1185 3478 attigisse

207 3495 327 3552 sufficiat:
344 3496 419 3568 ipsios
427 3497 502 3566 tituli,
515 3513 586 3570 quem
595 3504 651 3570 pout
664 3493 795 3554 Orlandum
805 3495 912 3568 aliosque
922 3491 1100 3552 amantisime
1109 3505 1185 3562 nuper
