2590 3946
188 235 230 294 72
530 245 564 295 ι).
587 245 659 292 run.
680 245 865 294 ruvreuame

189 384 336 445 bellorum
361 401 468 463 pompe
490 385 610 444 animem
634 382 802 444 exhalasset
822 385 957 462 opimum,

190 469 284 543 Quum
305 467 342 528 de
364 465 526 528 Teutonico
548 466 641 527 vellet
663 466 847 528 descendere
870 467 978 529 currui

189 551 312 613 Provida
335 551 473 630 Pompeio
498 550 620 611 dederat
643 547 797 629 Campania
818 550 918 612 febres

189 634 352 714 Opteudas,
372 635 426 696 sed
449 633 555 696 multae
581 633 670 694 urbes
695 642 724 694 et
743 633 861 714 publice
882 645 951 696 vota

188 720 342 787 vicerunt:
368 719 456 796 igitur
479 717 594 779 fortuna
616 718 708 795 ipsius
732 727 762 778 et
784 717 863 777 urbis
1124 731 1177 785 235
1281 715 1282 760 ὲ

189 805 341 863 Servatum
362 804 440 861 vieto
464 811 551 880 caput
573 799 700 862 abstulit.
739 799 804 860 lloc
828 793 957 863 cruciatu

188 885 343 962 Lentulus,
366 885 422 947 hac
443 902 540 964 poena
561 885 653 945 caruit
675 883 841 965 ceciditque
864 881 1014 964 Cethegus

187 970 323 1047 integer,
348 979 377 1029 et
397 969 484 1030 iacuit
508 966 631 1029 Catilina
656 968 800 1029 cadavere
825 977 897 1030 toto.

229 1053 364 1113 Formam
388 1061 470 1131 optet
490 1051 604 1112 modico
628 1051 743 1131 pueris,
771 1053 880 1112 maiore
905 1051 1011 1132 puellis

189 1137 349 1212 Murmure,
377 1155 463 1215 quum
488 1136 613 1196 Veneris
637 1136 733 1197 farrum
755 1135 846 1212 videt,
868 1138 952 1198 anxia
967 1143 1059 1196 meter
1123 1145 1179 1201 290
1220 1134 1224 1143 '

188 1220 288 1301 Usque
314 1221 351 1280 ad
373 1218 495 1280 delicies
518 1228 660 1280 votorum.
696 1214 754 1279 (lur
775 1228 888 1296 temen,
911 1221 1012 1298 inquit,

190 1299 358 1381 Corripiasi
381 1302 502 1381 pulchre
525 1303 634 1379 gaudet
656 1299 765 1362 Latona
788 1301 890 1364 Diana.
911 1335 950 1348 --

189 1388 249 1448 Sed
271 1394 352 1445 vetet
377 1386 470 1464 optari
496 1385 601 1445 faciem
621 1383 774 1461 Lucretia,
801 1387 917 1463 qualern

189 1470 256 1550 lpsn
281 1468 394 1537 habuit;
421 1477 546 1547 cuperet
570 1467 686 1528 Rutilae
711 1469 850 1546 Verginia
873 1470 992 1549 gibbum

188 1555 337 1634 Accipere
357 1561 445 1631 atque
467 1570 548 1612 suam
573 1550 688 1611 Rutilae
711 1552 791 1612 dare.
824 1553 915 1615 Filius
937 1565 1033 1616 antem
1126 1565 1178 1619 296

191 1635 331 1716 Corporis
354 1636 468 1714 egregii
489 1637 614 1696 miseros
637 1635 827 1716 trepidosque
851 1646 989 1716 parentes

189 1723 312 1799 Semper
334 1719 434 1786 hebet;
477 1735 543 1779 rara
565 1728 612 1780 est
631 1718 706 1780 adeo
733 1720 890 1782 concordia
912 1721 1024 1784 formae

188 1805 286 1884 Atque
307 1802 474 1883 pudicitiae.
507 1803 631 1864 Sanctus
653 1803 723 1864 licet
744 1804 861 1866 horride
883 1822 981 1866 mores

190 1887 352 1948 Tradiderit
372 1887 475 1948 domus
497 1905 532 1948 ac
555 1896 674 1948 veteres
695 1888 802 1950 imitata
828 1888 962 1965 Sabinos,

189 1973 345 2032 Praeterea
372 1979 481 2032 castum
502 1971 648 2049 ingenium
671 1971 839 2051 vultumque
864 1972 996 2033 modesto
1125 1983 1179 2038 300

190 2057 337 2133 Sanguine
362 2054 525 2116 ferventem
550 2055 656 2116 tribuat
677 2063 777 2116 nature
804 2055 929 2135 benigue

189 2139 282 2217 Larga
305 2156 403 2199 manu:
429 2138 514 2218 (quid
538 2140 612 2199 enim
637 2155 730 2218 puero
758 2139 896 2200 conferre
921 2149 1020 2220 potest
1042 2141 1108 2219 plus

191 2221 320 2283 custode
346 2230 376 2281 et
396 2239 464 2282 cura
487 2232 587 2283 natura
610 2224 760 2301 potentior
781 2221 894 2304 omnii)

190 2305 255 2366 Non
276 2305 347 2366 licet
371 2323 439 2366 esse
459 2308 539 2375 viro;
559 2323 624 2366 nam
645 2305 768 2385 prodiga
793 2309 972 2386 corruptoris

190 2389 362 2469 lmprobitas
388 2391 469 2468 ipsos
496 2389 583 2450 audet
607 2398 751 2468 temptare
772 2399 920 2469 parentes.
1126 2402 1179 2456 305

191 2473 281 2534 Tanta
303 2475 331 2534 in
355 2474 520 2536 muneribus
542 2473 656 2534 fiducia.
696 2471 801 2535 Nullus
825 2475 970 2554 ephebum

189 2557 359 2619 Deformem
384 2575 474 2620 saeva
495 2559 632 2618 castravit
654 2559 683 2618 in
707 2576 777 2619 arce
798 2567 946 2635 tyrannus,

189 2641 254 2702 Nec
280 2650 492 2721 praetextatum
514 2641 607 2719 rapuit
628 2640 709 2702 Nero
734 2641 897 2720 loripedem
920 2659 976 2701 nec

191 2727 371 2786 strumosum
393 2733 480 2803 atque
502 2731 586 2782 utero
610 2724 720 2800 pariter
741 2723 890 2803 gibboque
915 2732 1082 2784 tumentem.

190 2809 300 2869 Inunc
323 2817 352 2867 et
371 2807 484 2866 iuvenis
506 2805 607 2883 specie
629 2805 740 2864 laetare
765 2808 821 2882 tui,
846 2824 932 2884 quem
1126 2818 1181 2873 310

191 2892 300 2953 llaiorn
321 2895 494 2967 exspectant
519 2886 698 2949 discrimina:
725 2888 775 2948 liet
797 2888 910 2949 adulter

191 2974 327 3036 Publicus
355 2980 384 3032 et
406 2987 516 3050 poenas
537 2978 647 3031 metuet
672 2989 870 3053 quascumque
895 2974 1004 3034 maritis

191 3059 275 3118 iratis
302 3055 407 3131 debet,
432 3073 488 3116 nec
508 3055 566 3115 erit
586 3054 703 3116 felicior
726 3066 805 3117 astro

191 3137 307 3216 llartis,
329 3147 360 3199 nt
382 3139 411 3197 in
434 3139 558 3218 laqueos
581 3156 734 3218 numquam
754 3141 872 3203 incidat.
909 3140 1009 3219 Exigit
1030 3151 1124 3203 autem

191 3222 336 3284 lnterdnm
359 3221 410 3283 ille
433 3223 519 3284 dolor
540 3222 606 3303 plns
631 3241 715 3302 quam
737 3223 787 3285 lex
806 3225 867 3286 ulla
889 3224 986 3286 dolori
1126 3236 1176 3293 tlt

194 3304 363 3377 Concessit3
387 3317 473 3370 necet
491 3308 539 3369 hic
560 3307 657 3384 ferro,
680 3317 764 3370 secat
786 3308 836 3369 ille
861 3310 987 3371 cruentis

192 3390 389 3468 Verberibus,
413 3392 553 3472 quosdam
575 3390 715 3452 moechos
737 3401 768 3452 et
785 3392 898 3471 mugilis
921 3395 1016 3454 intrat.

194 3475 253 3536 Sed
273 3483 338 3536 tnns
361 3473 522 3553 Endymion
547 3475 674 3536 dilectae
698 3475 748 3536 liet
768 3476 882 3538 adulter
