2590 3946
200 225 241 289 88
527 238 562 286 u.
579 237 650 286 ma.
668 237 854 286 mvnunms

200 377 281 438 llaec
301 387 388 456 quota
412 394 479 454 pars
502 374 664 450 tcelerum,
689 392 763 453 quac
783 383 882 435 oustot
903 373 1032 438 Gallicus
1053 377 1134 440 nabit

200 460 300 539 Usque
322 459 501 535 tricollem,
524 459 620 520 donec
642 458 692 519 lnn
715 459 846 533 occidat,
869 457 968 520 auditi

199 542 319 604 Humani
342 544 460 621 generis
483 555 580 602 noros
603 542 655 602 tibi
676 555 766 602 nosse
789 541 899 602 volenti

200 626 314 688 Sufficit
334 645 391 688 nna
413 626 530 695 donar
554 642 664 704 pancos
687 640 826 686 consume
847 626 928 702 liet,
956 635 986 688 et
1136 640 1191 696 lto

199 711 309 771 Dicere
333 719 363 770 te
386 711 538 784 miserum,
563 718 716 788 numquam
737 709 973 787 illustratoris,
999 712 1083 774 aude.

200 794 272 868 Quis
294 794 430 855 tumidum
451 801 549 871 guttam
569 793 735 854 miratorio
756 791 903 872 Alpibus?
925 803 973 855 aut
996 796 1061 872 quit

199 876 232 938 ln
254 876 356 938 lleroo
383 893 483 937 crasso
506 877 644 937 maiorem
666 877 774 937 infante
799 875 974 940 mamilla?

200 959 325 1022 caerula
349 963 413 1039 quis
436 962 544 1040 stupuit
565 959 699 1022 Germani
723 961 844 1037 lumina,
867 960 970 1022 larun

200 1043 368 1105 Caesarium
392 1053 421 1104 et
439 1044 553 1106 madido
575 1052 758 1124 torquentem
780 1061 889 1105 cornua
910 1046 1012 1106 cirre?
1137 1057 1190 1113 165

199 1127 311 1207 Nempe
335 1128 413 1208 quotl
435 1128 509 1191 lraoc
530 1127 590 1189 illis
611 1137 712 1190 natura
734 1137 780 1190 est
803 1127 934 1190 omnibus
955 1147 1020 1192 una.

201 1211 246 1271 Ad
268 1211 378 1275 subitas
399 1211 542 1274 Thracum
563 1211 701 1274 volucres
723 1211 886 1291 nubemque
909 1227 1045 1276 sonoram

200 1296 361 1372 Pygmaeus
383 1297 481 1374 parvis
504 1296 592 1357 currit
614 1295 792 1357 bellatoria
815 1298 912 1373 maris,

201 1377 268 1438 lion
290 1379 381 1458 impar
403 1378 480 1439 lusti
500 1388 659 1458 raptusque
683 1397 828 1459 peracre
853 1381 949 1442 curvis

199 1459 348 1538 Unguibus
370 1480 386 1524 a
406 1480 497 1523 saeta
519 1463 611 1524 iertur
631 1475 720 1540 grue:
744 1465 772 1524 ti
793 1463 894 1524 videat
916 1463 974 1526 lroc
1135 1477 1188 1534 rto

200 1543 338 1605 Gentibus
363 1547 392 1606 in
413 1547 537 1622 noetus,
561 1548 621 1606 riso
643 1549 789 1626 quotiaco:
813 1548 867 1608 secl
889 1547 960 1624 illc,

199 1627 377 1706 Quamquam
399 1629 500 1689 eadem
522 1629 640 1691 asulae
662 1639 833 1710 spectentur
854 1632 984 1710 proella,
1007 1634 1084 1696 ritlet

98 1775 114 1790 .
198 1709 306 1787 Nemo,
329 1712 378 1773 uhi
399 1719 462 1774 tota
483 1713 590 1775 cohors
614 1715 691 1794 pete
713 1725 772 1776 noo
791 1725 838 1775 est
857 1714 945 1776 altior
965 1734 1032 1778 uno.

240 1794 366 1857 Nullane
391 1798 500 1875 periuri
523 1799 626 1877 capitis
647 1799 816 1878 fraudisque
838 1799 982 1862 celandae

199 1880 296 1941 Poena
319 1877 394 1942 criti
407 1915 450 1930 -
466 1883 629 1961 Atrectum
650 1883 740 1946 cretle
762 1884 838 1946 hune
855 1885 993 1962 graviore
1011 1894 1115 1946 eatena
1134 1893 1186 1950 lis

199 1961 331 2024 Protinus
354 1973 385 2025 et
406 1974 507 2026 nostro
529 1967 613 2046 (quid
640 1967 705 2046 plus
728 1967 800 2028 velit
821 1963 902 2046 irai)
926 1970 1025 2028 uocari

135 2047 146 2068 ⁶
198 2046 344 2116 Arbitrio;
366 2059 462 2112 manet
487 2049 537 2112 illa
559 2059 655 2112 tamen
671 2053 796 2126 lamara,
819 2062 876 2110 nec
894 2061 1026 2130 nunquan

197 2131 370 2210 Depositum
391 2131 443 2192 tihi
465 2135 662 2212 conuenerit,
688 2135 742 2195 sed
768 2149 894 2213 corpore
915 2144 1017 2198 trunco

198 2208 343 2275 inuidiosa
364 2213 444 2276 tiabit
465 2217 596 2279 minimus
618 2219 723 2280 solatia
745 2219 928 2296 sanguis..-

199 2297 238 2358 At
256 2297 382 2359 vindicta
405 2298 511 2361 bonum
529 2302 590 2362 vita
612 2302 764 2364 iucundius
784 2303 858 2381 ipsa.
886 2337 927 2352 -
1135 2312 1187 2367 180

198 2380 312 2462 Nempe
334 2381 393 2444 lroc
413 2384 540 2462 indocti,
565 2399 686 2464 quornm
708 2386 882 2465 praecordia
903 2387 991 2448 nullis

198 2464 344 2527 intertium
363 2473 412 2527 aut
433 2467 549 2529 levibns
570 2469 672 2532 videas
693 2469 843 2549 tegamus
869 2472 979 2533 cautis:

199 2548 468 2630 Quantulacumque
491 2553 566 2614 adeo
589 2564 634 2615 est
656 2557 792 2631 occasio,
817 2555 925 2616 scilicit
945 2555 1017 2614 irae.

200 2629 380 2712 Chrysippus
402 2651 461 2696 non
483 2635 562 2698 (licet
585 2637 661 2698 idem
682 2653 739 2698 nec
758 2640 828 2699 mite
851 2637 980 2699 Thaletis

197 2715 347 2793 ingenium
371 2717 507 2798 dulcique
530 2737 622 2779 senex
643 2719 755 2779 vicinus
773 2719 921 2795 Hymetto,
1137 2730 1188 2786 185
1282 2727 1283 2790 3

199 2798 255 2872 Qui
280 2809 391 2879 partem
416 2811 558 2880 acceptae
581 2817 669 2861 saeva
690 2802 765 2862 inter
788 2802 883 2862 uincla
906 2802 1018 2862 cicutae

198 2882 373 2946 Accusatori
396 2885 489 2945 nollet
510 2884 591 2945 dare.
635 2883 759 2944 Plurima
780 2884 854 2946 felix

198 2965 337 3028 Paulatim
358 2968 428 3028 vitia
450 2975 537 3046 atque
559 2984 677 3028 errores
699 2968 780 3028 exuit
802 2985 914 3044 omnes,

198 3049 291 3111 Prima
314 3050 402 3112 (locet
425 3058 537 3111 rectum
558 3052 714 3131 sapientia;
737 3053 848 3131 quippe
870 3052 969 3112 mirati

199 3133 324 3211 Semper
346 3142 375 3193 et
395 3133 497 3195 infirmi
522 3144 568 3196 est
592 3137 677 3213 animi
700 3137 857 3214 exiguique
880 3135 1016 3214 voluptas
1137 3143 1189 3198 190

197 3214 291 3276 Ultio:
316 3217 452 3278 continno
474 3220 518 3279 sic
540 3219 665 3298 collige,
690 3220 768 3298 qnotl
790 3220 916 3280 vindicta

198 3297 290 3359 Nemo
312 3302 405 3380 magis
426 3303 552 3381 gautlet,
574 3322 661 3385 quam
682 3304 798 3364 lentina.
843 3301 1020 3366 (luctamen
1042 3302 1098 3364 hos
1120 3309 1151 3362 tu

198 3381 337 3444 Evasiuse
361 3395 462 3464 putes,
485 3402 560 3467 quon
583 3386 638 3447 diri
662 3389 782 3448 conscia
804 3387 875 3447 facti

197 3464 280 3526 llens
304 3467 392 3530 habet
413 3472 550 3532 attonitos
573 3479 603 3531 et
623 3470 710 3532 surdo
732 3470 860 3532 verbere
883 3470 981 3534 caedit
