2590 3946
219 248 261 338 ott
444 305 452 325 Κ
551 257 587 304 o.
612 255 684 302 rurs.
706 251 892 301 rovensem

221 398 313 471 Quam
334 404 363 455 te
391 394 543 455 Thersitae
566 393 689 454 similem
710 392 853 471 producat
872 389 1016 456 Achilles.

220 479 257 540 llt
281 487 391 553 amen,
416 487 447 538 ut
467 478 557 554 longe
576 485 694 554 repetas
714 477 861 554 longeque
882 474 1021 536 revolvas

220 561 350 637 Nomen,
375 561 412 621 ab
433 560 530 621 infami
546 569 664 637 gentem
683 561 804 621 deducis
826 558 924 634 asylo:

220 644 360 706 Malorum
380 645 505 724 primus,
529 644 660 722 quisquis
679 643 734 704 fuit
754 643 821 717 ille,
842 651 954 701 tuorum

221 728 281 788 Aut
300 737 402 808 pastor
424 728 477 788 fuit
503 736 550 786 aut
567 725 638 786 illud
661 727 739 806 qnod
761 725 860 785 dicere
882 725 963 785 nolo.

614 920 822 932 *un—nu·-

560 1067 862 1133 SATIRAIX.

221 1177 311 1272 Scire
333 1211 435 1288 uelim,
460 1231 550 1292 qnare
571 1213 659 1274 toties
680 1210 764 1286 mihi,
788 1208 941 1284 Naevole,
964 1208 1053 1268 tristis

221 1296 366 1357 Occurras
387 1295 483 1354 fronte
506 1295 647 1368 obducta,
672 1312 726 1354 ceu
747 1292 862 1367 llarsya
882 1293 987 1352 victos.

221 1377 297 1454 Quid
318 1376 370 1437 tibi
394 1396 458 1437 cum
479 1378 575 1453 vultu,
598 1377 713 1457 qualem
736 1376 899 1454 deprensus
918 1373 1046 1436 babebat

221 1461 348 1536 Rauola,
372 1460 437 1520 dum
458 1458 619 1540 Rhodopes
636 1460 692 1520 uda
714 1460 782 1519 terit
802 1459 916 1536 inguina
939 1453 1051 1519 barba?

220 1545 283 1607 Nos
306 1543 459 1622 colaphum
479 1545 630 1604 incutimus
654 1541 790 1603 lambenti
811 1540 938 1602 crustula
961 1558 1059 1601 seruo.

224 1628 287 1688 Non
312 1636 375 1686 erat
395 1627 450 1686 lrac
469 1627 548 1687 facie
566 1625 760 1688 miserabilior
783 1623 960 1705 Crepereius

221 1711 331 1786 Pollio,
359 1712 406 1789 qui
428 1709 572 1790 triplicem
596 1727 709 1770 usuram
731 1718 881 1789 praestare
902 1715 1023 1787 paratus

223 1792 360 1855 circumit
384 1803 413 1854 et
433 1793 529 1855 fatuos
549 1812 608 1855 non
628 1794 746 1854 inuenit·
782 1792 865 1854 Unde
886 1799 1008 1870 repente

223 1878 279 1938 'lot
300 1873 410 1954 rugae?
439 1886 521 1939 certe
540 1878 655 1939 modico
677 1884 827 1938 contentas
846 1874 957 1952 agebas

221 1962 348 2021 Vernam
371 1962 513 2039 equitem,
537 1963 659 2022 conviva
679 1962 747 2021 iooo
773 1953 922 2020 mordente
946 1956 1061 2018 facetus
1173 1972 1208 2022 10

222 2044 259 2106 Et
281 2043 390 2104 salibus
411 2044 570 2106 vehemens
590 2047 665 2106 intra
684 2045 835 2123 pomoeria
854 2042 939 2102 natis.

223 2126 324 2187 Omnia
347 2145 422 2187 nunc
448 2137 564 2189 contra:
583 2129 679 2190 vultus
701 2130 816 2204 gravis,
839 2125 957 2186 lnorrida
978 2125 1078 2185 siccae

223 2211 302 2270 Silva
324 2227 441 2285 comae,
462 2211 555 2272 nullos
577 2220 637 2272 tota
659 2213 735 2272 nitor
754 2213 783 2270 in
803 2219 885 2284 oute,
909 2208 1023 2286 qualem

222 2293 331 2354 Bruttia
353 2293 520 2371 praestabat
541 2294 627 2356 calidi
646 2293 696 2354 tibi
717 2293 809 2354 fascia
829 2293 914 2367 uisci,

224 2376 283 2438 Sed
303 2375 455 2437 fruticante
478 2379 539 2456 pilo
560 2376 696 2454 neglecta
719 2385 749 2437 et
770 2374 901 2454 squalida
923 2392 1015 2435 crura.
1172 2384 1208 2437 15

223 2458 299 2533 Quid
322 2461 430 2521 macies
449 2462 530 2537 aegri
552 2462 677 2536 veteris,
703 2479 788 2540 quem
809 2469 941 2538 tempore
962 2457 1052 2534 longo

224 2542 330 2603 Torret
352 2552 451 2621 quarta
476 2544 540 2604 dies
560 2544 687 2623 olimque
709 2544 867 2605 domestica
888 2539 1002 2602 febris?

223 2625 396 2703 Depreudas
417 2627 501 2686 animi
526 2636 668 2688 tormenta
689 2627 805 2687 latentis
826 2628 855 2686 in
874 2641 965 2700 aegro

225 2707 375 2788 Corpore,
396 2708 558 2787 deprendas
578 2718 608 2768 et
628 2708 745 2785 gaudia3
769 2710 854 2768 sumit
875 2715 1025 2782 utrumque

223 2791 294 2852 Inde
316 2789 441 2851 habitum
461 2792 562 2852 facies.
595 2790 686 2867 Igitur
700 2790 819 2850 flexisse
839 2788 947 2848 videris
1172 2797 1211 2850 to

224 2874 407 2954 Propositum
432 2877 461 2934 iet
480 2875 558 2933 uitae
581 2873 740 2933 contrarius
761 2873 804 2932 ire
830 2872 930 2949 priori.

224 2957 325 3036 Nuper
344 2958 436 3033 enim,
459 2965 488 3015 ut
508 2964 628 3033 repeto,
650 2954 746 3015 fanum
766 2954 851 3016 Isidis
870 2963 899 3014 et
919 2950 1114 3028 Ganymedem

224 3039 309 3100 Pacis
332 3049 361 3098 et
382 3040 522 3100 advectae
545 3047 661 3100 secreta
686 3039 793 3117 palatia
814 3037 915 3098 llatris

224 3121 262 3181 tto
283 3120 422 3182 Cererem
442 3123 521 3200 (nam
543 3139 601 3200 quo
624 3139 682 3182 non
703 3131 817 3202 prostat
839 3121 943 3182 lomina
964 3116 1112 3198 templo‘l)

224 3203 329 3264 Notior
352 3202 468 3264 Aulidio
490 3205 630 3266 moechus
657 3206 807 3266 scelerare
829 3205 960 3281 solebas,
1173 3214 1210 3266 25

225 3285 369 3365 Quodque
393 3297 491 3365 taces,
517 3290 599 3369 ipsos
624 3292 709 3351 etiarn
731 3289 870 3350 inclinare
891 3289 1019 3348 maritos.

268 3370 369 3446 „Utile
389 3379 419 3431 et
439 3370 497 3434 lroo
515 3371 611 3433 multis
631 3373 708 3432 uitae
730 3390 838 3450 genus;
861 3381 890 3432 at
910 3371 978 3431 milri
999 3369 1107 3430 nullum

225 3451 295 3518 Inde
317 3457 580 3534 operaepretium.
618 3454 744 3534 Pingues
765 3455 918 3536 aliquando
942 3454 1085 3530 lacernas,
