2582 3950
525 265 650 314 sarum
672 265 720 312 v1.
1097 251 1137 314 39

145 405 249 484 Dicet,
272 407 336 487 quis
358 406 471 467 viduam
495 413 687 487 praegnatem
710 403 817 464 iecerit
839 411 868 462 et
891 417 949 481 quo
1084 411 1136 466 405

146 492 262 560 llense;
285 489 390 569 quibus
413 488 511 550 verbis
530 485 702 549 concumbat
725 498 876 566 quaeque,
899 485 992 546 modis
1013 495 1093 564 quot.
1174 539 1178 546 .

145 575 302 637 laetantem
324 575 388 652 regi
410 572 549 633 Amnenio
572 570 738 648 Parthoque
760 573 894 631 cometen

146 659 241 720 Prima
262 655 357 729 videt;
381 651 485 719 letiam
506 671 698 732 rumoresque
720 653 771 714 illa
792 661 929 714 recentes

147 741 265 820 Excipit
288 737 324 800 ed
348 730 466 820 portali,
489 739 630 818 quosdam
653 738 737 808 iacit;
759 739 819 798 isse
840 735 985 816 Nipludten

147 825 180 886 ln
205 824 332 904 populos
352 840 517 902 magnoque
539 822 601 885 illic
622 831 726 884 ennete
749 829 819 882 arne
839 821 933 881 tederi
1086 825 1138 884 lto

147 907 281 983 Diluvio,
308 915 409 968 nutare
433 906 539 983 urbes,
564 904 717 968 subsidere
739 911 845 981 terres,

147 987 1083 1151 01111111111111111111111111111

146 1158 268 1218 Vicinos
288 1156 412 1219 humiles
433 1170 539 1237 rupere
563 1165 593 1216 ct
616 1155 775 1218 concidere
797 1157 869 1216 loris

146 1241 277 1303 Exorata
299 1239 386 1301 solet.
418 1236 490 1301 Nam
513 1241 539 1300 si
560 1239 711 1301 latratibus
732 1241 784 1301 alti
1087 1247 1138 1302 415

145 1324 328 1404 Rumpuntur
349 1325 460 1399 somni,
482 1323 576 1384 instes
598 1323 655 1384 huo
678 1326 776 1401 ocius,
800 1324 901 1402 inquit,

145 1408 277 1484 Alfene,
301 1416 389 1487 atque
408 1407 467 1468 illis
485 1407 629 1468 dominum
650 1408 731 1470 iultet'
753 1416 820 1469 ante
842 1407 934 1482 feriri,

146 1491 263 1553 Deinde
286 1509 397 1554 canem.
433 1486 535 1553 Gravis
559 1498 700 1569 occursu,
728 1488 877 1552 teterrime
898 1490 979 1551 vultu

145 1574 256 1636 Balnea
275 1575 363 1635 nocte
385 1574 475 1644 subit:
500 1575 629 1636 oonelras
651 1577 682 1637 et
703 1577 799 1637 castra
820 1576 932 1635 moveri

146 1658 245 1719 Nocte
266 1657 361 1727 iubet;
383 1670 491 1738 magno
511 1659 620 1737 gaudet
643 1656 752 1721 s'udar'e¹
769 1659 900 1734 tiitltultu,
1087 1667 1140 1720 4⁸20

148 1741 244 1815 Quum
266 1741 374 1805 lassata
395 1745 479 1821 gravi
504 1743 672 1804 ceciderunt
692 1743 811 1804 lrdcliia
833 1759 939 1819 massa,

148 1823 279 1887 Callidus
302 1835 332 1886 et
355 1828 461 1886 cristae
484 1825 592 1904 digitos
615 1828 767 1905 impressit
787 1825 892 1903 aliptes

145 1909 194 1969 Ac
216 1927 353 1970 summum
377 1908 508 1970 dominae
529 1909 625 1969 femur
647 1911 812 1971 exclamare
834 1911 942 1986 coegit.

148 1991 299 2055 Convivae
321 1994 421 2053 miseri
443 1995 554 2054 interea
577 1995 739 2072 somiioqne
761 1993 895 2070 lauteque

145 2075 309 2155 {Ingentum
336 2075 453 2137 tandem
471 2075 522 2137 illa
544 2078 624 2137 venit
644 2075 848 2152 rub'iourldulu,
870 2084 960 2137 totum
1087 2085 1139 2139 425

148 2158 357 2240 oenophorum
380 2160 498 2237 sitiens,
525 2161 613 2240 plena
637 2161 716 2239 quod
738 2160 865 2221 tenditur
885 2179 956 2222 urna

147 2242 302 2305 Admotum
325 2242 465 2323 pedibus,
486 2241 523 2306 de
546 2261 603 2324 qno
627 2246 773 2306 sextarius
794 2244 868 2305 alter

146 2327 270 2388 Ducitur
295 2337 360 2389 ante
384 2327 494 2404 cibum,
516 2329 645 2390 rabidam
667 2328 796 2389 tacturus
818 2330 941 2404 orexim,

146 2410 222 2470 Dum
244 2413 320 2472 redit
343 2420 373 2471 et
396 2412 455 2472 loto
478 2420 584 2472 terrant
605 2412 674 2472 ierit
695 2413 842 2472 intestino.

147 2492 341 2554 llarmoribus
364 2494 419 2552 rivi
442 2499 616 2573 properant,
639 2503 739 2556 aurata
762 2493 916 2554 Falernum
1086 2503 1139 2559 430

147 2575 248 2637 Pelvis
272 2576 348 2645 olet;
375 2590 439 2636 nam
462 2579 520 2653 sic,
545 2579 688 2657 tamquam
709 2578 766 2640 ulta
789 2579 818 2637 in
841 2577 917 2638 dolia
937 2577 1042 2658 longus

147 2658 302 2719 Deciderit
322 2659 461 2740 serpens,
487 2659 559 2722 biltit
581 2661 611 2722 et'
631 2663 729 2723 vomit.
765 2661 845 2740 llige
868 2658 987 2721 maritus

147 2741 277 2804 Nauseat
299 2752 385 2822 atque
409 2743 503 2808 oculis
525 2743 613 2806 bilem
636 2745 808 2825 substringit
826 2745 947 2825 opertis.

191 2825 244 2887 llla
264 2837 360 2888 tamen
378 2829 514 2906 gravior,-
537 2847 629 2909 quae,
652 2847 737 2909 quum
759 2827 943 2891 discumbere
966 2831 1074 2908 coepit,

148 2908 258 2970 Laudat
277 2909 456 2989 Vergilium,
479 2913 625 2992 periturae
648 2916 774 2991 ignoscit
792 2913 919 2988 Elissae,
1084 2919 1136 2975 435

150 2990 307 3054 committit
328 3005 411 3056 vates
435 3006 464 3056 et
486 3005 650 3076 comparat;
673 2999 740 3058 inde
762 2997 912 3058 llaronem

149 3075 246 3154 Atque
272 3078 328 3139 alia
350 3075 483 3156 partein
504 3083 607 3140 mutina
632 3081 783 3160 suspendit
805 3079 971 3141 llomerum.

150 3157 263 3220 Cedunt
285 3163 481 3239 grammatici,
504 3163 656 3224 iinount'ur
678 3163 827 3241 rlletores,
856 3165 947 3224 omnis

148 3240 246 3304 'l'nrbe
264 3252 357 3313 tecet:
379 3263 436 3306 neo
461 3246 642 3323 causidicus,
668 3265 725 3308 nec
747 3265 858 3327 praeco
884 3247 1032 3326 loquetur,

146 3323 250 3387 Altera
271 3345 328 3390 neo
350 3328 470 3390 mulier:
495 3329 652 3390 uerborum
672 3337 750 3392 tanta
774 3331 851 3392 cadit
872 3334 931 3399 vis;
1085 3335 1137 3391 llo

147 3407 204 3469 'lot
223 3412 334 3488 pariter
359 3413 463 3490 pelves
486 3432 521 3476 ac
542 3414 729 3474 tintinnabula
750 3415 831 3476 dieas

145 3490 268 3553 Pulsari.
305 3495 367 3556 lam
391 3512 476 3554 nemo
497 3495 597 3576 tubas,
622 3503 707 3559 n'e'mo
734 3514 802 3558 aera
825 3497 943 3573 fatigem
