<?xml version="1.0" encoding="UTF-8"?>
<!DOCTYPE html PUBLIC "-//W3C//DTD XHTML 1.0 Transitional//EN"
    "http://www.w3.org/TR/xhtml1/DTD/xhtml1-transitional.dtd">
<html xmlns="http://www.w3.org/1999/xhtml" xml:lang="en" lang="en">
 <head>
  <title>
</title>
<meta http-equiv="Content-Type" content="text/html;charset=utf-8" />
  <meta name='ocr-system' content='tesseract 3.04.00' />
  <meta name='ocr-capabilities' content='ocr_page ocr_carea ocr_par ocr_line ocrx_word'/>
</head>
<body>
  <div class='ocr_page' id='page_1' title='image "./satirarumlibriq01juvegoog_0087.png"; bbox 0 0 2590 3946; ppageno 0'>
   <div class='ocr_carea' id='block_1_1' title="bbox 189 241 853 302">
    <p class='ocr_par' dir='ltr' id='par_1_1' title="bbox 189 241 853 302">
     <span class='ocr_line' id='line_1_1' title="bbox 189 241 853 302; baseline -0.006 0"><span class='ocrx_word' id='word_1_1' title='bbox 189 241 230 302; x_wconf 87' lang='grc'><strong>50</strong></span> <span class='ocrx_word' id='word_1_2' title='bbox 521 250 556 296; x_wconf 85' lang='lat' dir='ltr'><strong>u.</strong></span> <span class='ocrx_word' id='word_1_3' title='bbox 575 249 646 298; x_wconf 83' lang='lat' dir='ltr'><strong>tun.</strong></span> <span class='ocrx_word' id='word_1_4' title='bbox 667 249 853 298; x_wconf 80' lang='grc'><strong>1511111111</strong></span> 
     </span>
    </p>
   </div>
   <div class='ocr_carea' id='block_1_2' title="bbox 188 383 1181 636">
    <p class='ocr_par' dir='ltr' id='par_1_2' title="bbox 188 383 1181 636">
     <span class='ocr_line' id='line_1_2' title="bbox 188 383 911 468; baseline -0.007 -15"><span class='ocrx_word' id='word_1_5' title='bbox 188 391 315 453; x_wconf 83' lang='lat' dir='ltr'>Fidimus</span> <span class='ocrx_word' id='word_1_6' title='bbox 335 383 478 468; x_wconf 85' lang='lat' dir='ltr'><strong>eloquiol</strong></span> <span class='ocrx_word' id='word_1_7' title='bbox 502 384 639 448; x_wconf 84' lang='lat' dir='ltr'><strong>Ciceroni</strong></span> <span class='ocrx_word' id='word_1_8' title='bbox 661 405 746 448; x_wconf 90' lang='lat' dir='ltr'><strong>nemo</strong></span> <span class='ocrx_word' id='word_1_9' title='bbox 770 389 911 448; x_wconf 87' lang='lat' dir='ltr'><strong>ducentos</strong></span> 
     </span>
     <span class='ocr_line' id='line_1_3' title="bbox 188 470 1181 549; baseline 0.001 -14"><span class='ocrx_word' id='word_1_10' title='bbox 188 474 271 535; x_wconf 79' lang='lat' dir='ltr'><strong>Nunc</strong></span> <span class='ocrx_word' id='word_1_11' title='bbox 292 472 405 535; x_wconf 80' lang='lat' dir='ltr'><strong>dederit</strong></span> <span class='ocrx_word' id='word_1_12' title='bbox 427 489 573 549; x_wconf 91' lang='lat' dir='ltr'><strong>nummos,</strong></span> <span class='ocrx_word' id='word_1_13' title='bbox 596 472 651 531; x_wconf 92' lang='lat' dir='ltr'><strong>nisi</strong></span> <span class='ocrx_word' id='word_1_14' title='bbox 673 470 787 532; x_wconf 85' lang='lat' dir='ltr'><strong>fulserit</strong></span> <span class='ocrx_word' id='word_1_15' title='bbox 809 470 930 532; x_wconf 89' lang='lat' dir='ltr'><strong>annulus</strong></span> <span class='ocrx_word' id='word_1_16' title='bbox 953 473 1065 548; x_wconf 79' lang='lat' dir='ltr'><strong>ingens.</strong></span> <span class='ocrx_word' id='word_1_17' title='bbox 1128 481 1181 536; x_wconf 83' lang='lat' dir='ltr'><strong>rto</strong></span> 
     </span>
     <span class='ocr_line' id='line_1_4' title="bbox 190 554 1009 636; baseline -0.006 -17"><span class='ocrx_word' id='word_1_18' title='bbox 190 557 322 636; x_wconf 78' lang='lat' dir='ltr'><strong>Respicit</strong></span> <span class='ocrx_word' id='word_1_19' title='bbox 342 557 416 618; x_wconf 89' lang='lat' dir='ltr'><strong>haec</strong></span> <span class='ocrx_word' id='word_1_20' title='bbox 439 556 575 634; x_wconf 89' lang='lat' dir='ltr'><strong>primum,</strong></span> <span class='ocrx_word' id='word_1_21' title='bbox 600 555 648 635; x_wconf 87' lang='lat' dir='ltr'><strong>qui</strong></span> <span class='ocrx_word' id='word_1_22' title='bbox 667 555 777 631; x_wconf 76' lang='lat' dir='ltr'><strong>litigat,</strong></span> <span class='ocrx_word' id='word_1_23' title='bbox 799 573 835 614; x_wconf 89' lang='lat' dir='ltr'><strong>an</strong></span> <span class='ocrx_word' id='word_1_24' title='bbox 856 554 908 614; x_wconf 88' lang='lat' dir='ltr'><strong>tibi</strong></span> <span class='ocrx_word' id='word_1_25' title='bbox 931 557 1009 615; x_wconf 89' lang='lat' dir='ltr'><strong>servi</strong></span> 
     </span>
    </p>
   </div>
   <div class='ocr_carea' id='block_1_3' title="bbox 83 638 991 717">
    <p class='ocr_par' dir='ltr' id='par_1_3' title="bbox 83 638 991 717">
     <span class='ocr_line' id='line_1_5' title="bbox 83 638 991 717; baseline -0.007 -15"><span class='ocrx_word' id='word_1_26' title='bbox 83 683 88 690; x_wconf 92' lang='lat'>-</span> <span class='ocrx_word' id='word_1_27' title='bbox 188 641 282 717; x_wconf 90' lang='lat' dir='ltr'><strong>Octo,</strong></span> <span class='ocrx_word' id='word_1_28' title='bbox 304 641 408 701; x_wconf 88' lang='lat' dir='ltr'><strong>decem</strong></span> <span class='ocrx_word' id='word_1_29' title='bbox 430 639 568 714; x_wconf 75' lang='lat' dir='ltr'><strong>comites,</strong></span> <span class='ocrx_word' id='word_1_30' title='bbox 592 656 628 698; x_wconf 91' lang='lat' dir='ltr'><strong>an</strong></span> <span class='ocrx_word' id='word_1_31' title='bbox 647 645 715 714; x_wconf 92' lang='lat' dir='ltr'><strong>post</strong></span> <span class='ocrx_word' id='word_1_32' title='bbox 734 646 764 697; x_wconf 93' lang='lat' dir='ltr'><strong>te</strong></span> <span class='ocrx_word' id='word_1_33' title='bbox 785 638 875 715; x_wconf 90' lang='lat' dir='ltr'><strong>sella,</strong></span> <span class='ocrx_word' id='word_1_34' title='bbox 899 640 991 716; x_wconf 83' lang='lat' dir='ltr'><strong>togati</strong></span> 
     </span>
    </p>
   </div>
   <div class='ocr_carea' id='block_1_4' title="bbox 187 719 1179 1302">
    <p class='ocr_par' dir='ltr' id='par_1_4' title="bbox 187 719 927 803">
     <span class='ocr_line' id='line_1_6' title="bbox 187 719 927 803; baseline -0.005 -18"><span class='ocrx_word' id='word_1_35' title='bbox 187 726 264 785; x_wconf 79' lang='lat' dir='ltr'><strong>Ante</strong></span> <span class='ocrx_word' id='word_1_36' title='bbox 285 723 388 803; x_wconf 90' lang='lat' dir='ltr'><strong>pedes.</strong></span> <span class='ocrx_word' id='word_1_37' title='bbox 432 722 503 784; x_wconf 90' lang='lat' dir='ltr'><strong>Ideo</strong></span> <span class='ocrx_word' id='word_1_38' title='bbox 527 721 668 781; x_wconf 88' lang='lat' dir='ltr'><strong>conducta</strong></span> <span class='ocrx_word' id='word_1_39' title='bbox 690 719 796 780; x_wconf 90' lang='lat' dir='ltr'><strong>Paulus</strong></span> <span class='ocrx_word' id='word_1_40' title='bbox 819 720 927 799; x_wconf 77' lang='lat' dir='ltr'><strong>agebat</strong></span> 
     </span>
    </p>

    <p class='ocr_par' dir='ltr' id='par_1_5' title="bbox 188 803 1179 1050">
     <span class='ocr_line' id='line_1_7' title="bbox 189 803 1080 884; baseline -0.004 -16"><span class='ocrx_word' id='word_1_41' title='bbox 189 807 394 884; x_wconf 77' lang='lat' dir='ltr'><strong>sardonyche,</strong></span> <span class='ocrx_word' id='word_1_42' title='bbox 416 815 503 884; x_wconf 81' lang='lat' dir='ltr'><strong>atque</strong></span> <span class='ocrx_word' id='word_1_43' title='bbox 525 805 593 864; x_wconf 90' lang='lat' dir='ltr'><strong>ideo</strong></span> <span class='ocrx_word' id='word_1_44' title='bbox 617 803 709 882; x_wconf 92' lang='lat' dir='ltr'><strong>pluris</strong></span> <span class='ocrx_word' id='word_1_45' title='bbox 731 821 815 882; x_wconf 83' lang='lat' dir='ltr'><strong>quam</strong></span> <span class='ocrx_word' id='word_1_46' title='bbox 840 803 940 866; x_wconf 80' lang='lat' dir='ltr'>Gallus</span> <span class='ocrx_word' id='word_1_47' title='bbox 963 804 1080 882; x_wconf 79' lang='lat' dir='ltr'><strong>agebat,</strong></span> 
     </span>
     <span class='ocr_line' id='line_1_8' title="bbox 189 886 1179 967; baseline -0.002 -15"><span class='ocrx_word' id='word_1_48' title='bbox 189 891 279 967; x_wconf 84' lang='lat' dir='ltr'><strong>Quam</strong></span> <span class='ocrx_word' id='word_1_49' title='bbox 302 890 426 952; x_wconf 89' lang='lat' dir='ltr'><strong>Basilus.</strong></span> <span class='ocrx_word' id='word_1_50' title='bbox 470 887 547 948; x_wconf 87' lang='lat' dir='ltr'><strong>llara</strong></span> <span class='ocrx_word' id='word_1_51' title='bbox 569 889 597 948; x_wconf 93' lang='lat' dir='ltr'><strong>in</strong></span> <span class='ocrx_word' id='word_1_52' title='bbox 617 888 697 946; x_wconf 90' lang='lat' dir='ltr'><strong>tenui</strong></span> <span class='ocrx_word' id='word_1_53' title='bbox 718 886 853 950; x_wconf 81' lang='lat' dir='ltr'><strong>facundia</strong></span> <span class='ocrx_word' id='word_1_54' title='bbox 874 906 979 966; x_wconf 90' lang='lat' dir='ltr'><strong>pauno.</strong></span> <span class='ocrx_word' id='word_1_55' title='bbox 1021 905 1029 918; x_wconf 67' lang='grc'><strong>”</strong></span> <span class='ocrx_word' id='word_1_56' title='bbox 1127 896 1179 951; x_wconf 77' lang='grc'><strong>115</strong></span> 
     </span>
     <span class='ocr_line' id='line_1_9' title="bbox 188 968 1004 1050; baseline -0.005 -16"><span class='ocrx_word' id='word_1_57' title='bbox 188 974 309 1050; x_wconf 84' lang='lat' dir='ltr'><strong>Quando</strong></span> <span class='ocrx_word' id='word_1_58' title='bbox 331 973 400 1035; x_wconf 89' lang='lat' dir='ltr'><strong>licet</strong></span> <span class='ocrx_word' id='word_1_59' title='bbox 421 971 519 1032; x_wconf 79' lang='lat' dir='ltr'><strong>Basilo</strong></span> <span class='ocrx_word' id='word_1_60' title='bbox 543 970 659 1032; x_wconf 85' lang='lat' dir='ltr'><strong>dentem</strong></span> <span class='ocrx_word' id='word_1_61' title='bbox 678 970 843 1049; x_wconf 88' lang='lat' dir='ltr'><strong>producere</strong></span> <span class='ocrx_word' id='word_1_62' title='bbox 864 968 1004 1032; x_wconf 81' lang='lat' dir='ltr'><strong>matrem?</strong></span> 
     </span>
    </p>

    <p class='ocr_par' dir='ltr' id='par_1_6' title="bbox 189 1051 983 1134">
     <span class='ocr_line' id='line_1_10' title="bbox 189 1051 983 1134; baseline -0.005 -16"><span class='ocrx_word' id='word_1_63' title='bbox 189 1058 260 1132; x_wconf 80' lang='lat' dir='ltr'><strong>Quis</strong></span> <span class='ocrx_word' id='word_1_64' title='bbox 279 1057 355 1117; x_wconf 88' lang='lat' dir='ltr'><strong>bene</strong></span> <span class='ocrx_word' id='word_1_65' title='bbox 378 1057 523 1116; x_wconf 88' lang='lat' dir='ltr'><strong>dicentem</strong></span> <span class='ocrx_word' id='word_1_66' title='bbox 544 1054 669 1115; x_wconf 78' lang='lat' dir='ltr'><strong>Basilum</strong></span> <span class='ocrx_word' id='word_1_67' title='bbox 691 1051 788 1115; x_wconf 77' lang='lat' dir='ltr'><strong>ierat?</strong></span> <span class='ocrx_word' id='word_1_68' title='bbox 811 1055 935 1134; x_wconf 91' lang='lat' dir='ltr'><strong>accipiat</strong></span> <span class='ocrx_word' id='word_1_69' title='bbox 954 1064 983 1115; x_wconf 91' lang='lat' dir='ltr'><strong>te</strong></span> 
     </span>
    </p>

    <p class='ocr_par' dir='ltr' id='par_1_7' title="bbox 189 1137 869 1219">
     <span class='ocr_line' id='line_1_11' title="bbox 189 1137 869 1219; baseline -0.006 -17"><span class='ocrx_word' id='word_1_70' title='bbox 189 1140 280 1203; x_wconf 80' lang='lat' dir='ltr'><strong>Gallia</strong></span> <span class='ocrx_word' id='word_1_71' title='bbox 301 1140 350 1200; x_wconf 92' lang='lat' dir='ltr'><strong>vel</strong></span> <span class='ocrx_word' id='word_1_72' title='bbox 373 1140 469 1219; x_wconf 92' lang='lat' dir='ltr'><strong>potius</strong></span> <span class='ocrx_word' id='word_1_73' title='bbox 492 1138 634 1200; x_wconf 90' lang='lat' dir='ltr'><strong>nutricula</strong></span> <span class='ocrx_word' id='word_1_74' title='bbox 658 1137 869 1198; x_wconf 88' lang='lat' dir='ltr'><strong>causidicorum</strong></span> 
     </span>
    </p>

    <p class='ocr_par' dir='ltr' id='par_1_8' title="bbox 188 1221 951 1302">
     <span class='ocr_line' id='line_1_12' title="bbox 188 1221 951 1302; baseline -0.005 -18"><span class='ocrx_word' id='word_1_75' title='bbox 188 1225 304 1298; x_wconf 79' lang='lat' dir='ltr'><strong>Africa,</strong></span> <span class='ocrx_word' id='word_1_76' title='bbox 327 1224 352 1282; x_wconf 90' lang='grc'><strong>11</strong></span> <span class='ocrx_word' id='word_1_77' title='bbox 372 1223 480 1302; x_wconf 90' lang='lat' dir='ltr'><strong>placuit</strong></span> <span class='ocrx_word' id='word_1_78' title='bbox 501 1221 670 1282; x_wconf 82' lang='lat' dir='ltr'><strong>mercedem</strong></span> <span class='ocrx_word' id='word_1_79' title='bbox 691 1237 804 1299; x_wconf 91' lang='lat' dir='ltr'><strong>ponere</strong></span> <span class='ocrx_word' id='word_1_80' title='bbox 824 1222 951 1300; x_wconf 78' lang='lat' dir='ltr'><strong>linguae.</strong></span> 
     </span>
    </p>
   </div>
   <div class='ocr_carea' id='block_1_5' title="bbox 229 1302 1286 1384">
    <p class='ocr_par' dir='ltr' id='par_1_9' title="bbox 229 1302 1286 1384">
     <span class='ocr_line' id='line_1_13' title="bbox 229 1302 1286 1384; baseline -0.006 -18"><span class='ocrx_word' id='word_1_81' title='bbox 229 1305 403 1367; x_wconf 80' lang='lat' dir='ltr'><strong>Declamare</strong></span> <span class='ocrx_word' id='word_1_82' title='bbox 426 1302 575 1366; x_wconf 87' lang='lat' dir='ltr'><strong>docesio</strong></span> <span class='ocrx_word' id='word_1_83' title='bbox 598 1304 697 1364; x_wconf 81' lang='lat' dir='ltr'><strong>ferrea</strong></span> <span class='ocrx_word' id='word_1_84' title='bbox 719 1313 841 1383; x_wconf 88' lang='lat' dir='ltr'><strong>pectora</strong></span> <span class='ocrx_word' id='word_1_85' title='bbox 861 1306 952 1381; x_wconf 89' lang='lat' dir='ltr'><strong>Vetti,</strong></span> <span class='ocrx_word' id='word_1_86' title='bbox 1127 1316 1180 1369; x_wconf 83' lang='lat'><strong>150</strong></span> <span class='ocrx_word' id='word_1_87' title='bbox 1285 1351 1286 1384; x_wconf 31' lang='lat'><strong>,</strong></span> 
     </span>
    </p>
   </div>
   <div class='ocr_carea' id='block_1_6' title="bbox 159 1386 1178 2156">
    <p class='ocr_par' dir='ltr' id='par_1_10' title="bbox 189 1386 1023 1468">
     <span class='ocr_line' id='line_1_14' title="bbox 189 1386 1023 1468; baseline 0.001 -18"><span class='ocrx_word' id='word_1_88' title='bbox 189 1392 282 1466; x_wconf 81' lang='lat' dir='ltr'><strong>Quum</strong></span> <span class='ocrx_word' id='word_1_89' title='bbox 304 1389 420 1468; x_wconf 86' lang='lat' dir='ltr'><strong>perimit</strong></span> <span class='ocrx_word' id='word_1_90' title='bbox 441 1404 549 1448; x_wconf 89' lang='lat' dir='ltr'><strong>saevos</strong></span> <span class='ocrx_word' id='word_1_91' title='bbox 569 1386 673 1448; x_wconf 89' lang='lat' dir='ltr'><strong>classis</strong></span> <span class='ocrx_word' id='word_1_92' title='bbox 695 1405 850 1448; x_wconf 88' lang='lat' dir='ltr'><strong>numerosa</strong></span> <span class='ocrx_word' id='word_1_93' title='bbox 870 1389 1023 1465; x_wconf 78' lang='lat' dir='ltr'><strong>tyrannos!</strong></span> 
     </span>
    </p>

    <p class='ocr_par' dir='ltr' id='par_1_11' title="bbox 186 1469 1176 1633">
     <span class='ocr_line' id='line_1_15' title="bbox 186 1469 1176 1551; baseline -0.004 -17"><span class='ocrx_word' id='word_1_94' title='bbox 186 1471 259 1534; x_wconf 85' lang='lat' dir='ltr'><strong>Nam</strong></span> <span class='ocrx_word' id='word_1_95' title='bbox 282 1488 481 1551; x_wconf 86' lang='lat' dir='ltr'><strong>quaecumque</strong></span> <span class='ocrx_word' id='word_1_96' title='bbox 497 1471 605 1531; x_wconf 90' lang='lat' dir='ltr'><strong>sedens</strong></span> <span class='ocrx_word' id='word_1_97' title='bbox 620 1469 706 1531; x_wconf 93' lang='lat' dir='ltr'><strong>modo</strong></span> <span class='ocrx_word' id='word_1_98' title='bbox 723 1470 853 1548; x_wconf 74' lang='lat' dir='ltr'><strong>legerat,</strong></span> <span class='ocrx_word' id='word_1_99' title='bbox 876 1472 950 1533; x_wconf 89' lang='lat' dir='ltr'><strong>baec</strong></span> <span class='ocrx_word' id='word_1_100' title='bbox 973 1473 1074 1534; x_wconf 84' lang='lat' dir='ltr'><strong>eadem</strong></span> <span class='ocrx_word' id='word_1_101' title='bbox 1098 1481 1176 1532; x_wconf 89' lang='lat' dir='ltr'><strong>stans</strong></span> 
     </span>
     <span class='ocr_line' id='line_1_16' title="bbox 187 1553 977 1633; baseline -0.001 -16"><span class='ocrx_word' id='word_1_102' title='bbox 187 1556 321 1618; x_wconf 87' lang='lat' dir='ltr'><strong>Perierct</strong></span> <span class='ocrx_word' id='word_1_103' title='bbox 343 1563 429 1633; x_wconf 89' lang='lat' dir='ltr'><strong>atque</strong></span> <span class='ocrx_word' id='word_1_104' title='bbox 446 1553 547 1614; x_wconf 91' lang='lat' dir='ltr'><strong>eadem</strong></span> <span class='ocrx_word' id='word_1_105' title='bbox 565 1553 692 1615; x_wconf 88' lang='lat' dir='ltr'><strong>cantabit</strong></span> <span class='ocrx_word' id='word_1_106' title='bbox 713 1554 847 1615; x_wconf 86' lang='lat' dir='ltr'><strong>versibus</strong></span> <span class='ocrx_word' id='word_1_107' title='bbox 871 1555 977 1625; x_wconf 89' lang='lat' dir='ltr'><strong>isdem;</strong></span> 
     </span>
    </p>

    <p class='ocr_par' dir='ltr' id='par_1_12' title="bbox 188 1636 1004 1716">
     <span class='ocr_line' id='line_1_17' title="bbox 188 1636 1004 1716; baseline -0.002 -16"><span class='ocrx_word' id='word_1_108' title='bbox 188 1638 303 1701; x_wconf 85' lang='lat' dir='ltr'><strong>Occidit</strong></span> <span class='ocrx_word' id='word_1_109' title='bbox 323 1639 454 1698; x_wconf 87' lang='lat' dir='ltr'><strong>miseros.</strong></span> <span class='ocrx_word' id='word_1_110' title='bbox 469 1636 585 1698; x_wconf 85' lang='lat' dir='ltr'><strong>crambe</strong></span> <span class='ocrx_word' id='word_1_111' title='bbox 606 1638 733 1716; x_wconf 87' lang='lat' dir='ltr'><strong>repetita</strong></span> <span class='ocrx_word' id='word_1_112' title='bbox 750 1639 916 1716; x_wconf 84' lang='lat' dir='ltr'><strong>magistros.</strong></span> <span class='ocrx_word' id='word_1_113' title='bbox 1000 1689 1004 1698; x_wconf 87' lang='lat'><em>.</em></span> 
     </span>
    </p>

    <p class='ocr_par' dir='ltr' id='par_1_13' title="bbox 159 1718 1178 1884">
     <span class='ocr_line' id='line_1_18' title="bbox 159 1718 1178 1802; baseline 0.005 -21"><span class='ocrx_word' id='word_1_114' title='bbox 159 1718 168 1733; x_wconf 88' lang='grc'><em>“</em></span> <span class='ocrx_word' id='word_1_115' title='bbox 188 1721 260 1797; x_wconf 80' lang='lat' dir='ltr'><strong>Quis</strong></span> <span class='ocrx_word' id='word_1_116' title='bbox 284 1721 367 1782; x_wconf 90' lang='lat' dir='ltr'><strong>color</strong></span> <span class='ocrx_word' id='word_1_117' title='bbox 390 1731 419 1782; x_wconf 90' lang='lat' dir='ltr'><strong>et</strong></span> <span class='ocrx_word' id='word_1_118' title='bbox 441 1721 519 1800; x_wconf 84' lang='lat' dir='ltr'><strong>quod</strong></span> <span class='ocrx_word' id='word_1_119' title='bbox 539 1722 576 1781; x_wconf 89' lang='lat' dir='ltr'><strong>sit</strong></span> <span class='ocrx_word' id='word_1_120' title='bbox 592 1738 699 1781; x_wconf 89' lang='lat' dir='ltr'><strong>causae</strong></span> <span class='ocrx_word' id='word_1_121' title='bbox 713 1739 807 1800; x_wconf 78' lang='lat' dir='ltr'><strong>genus</strong></span> <span class='ocrx_word' id='word_1_122' title='bbox 823 1731 910 1802; x_wconf 84' lang='lat' dir='ltr'><strong>atque</strong></span> <span class='ocrx_word' id='word_1_123' title='bbox 926 1722 974 1782; x_wconf 94' lang='lat' dir='ltr'><strong>ubi</strong></span> <span class='ocrx_word' id='word_1_124' title='bbox 990 1741 1099 1798; x_wconf 85' lang='lat' dir='ltr'><strong>summa</strong></span> <span class='ocrx_word' id='word_1_125' title='bbox 1126 1731 1178 1787; x_wconf 91' lang='grc'><strong>155</strong></span> 
     </span>
     <span class='ocr_line' id='line_1_19' title="bbox 188 1804 990 1884; baseline 0.001 -19"><span class='ocrx_word' id='word_1_126' title='bbox 188 1804 345 1882; x_wconf 81' lang='lat' dir='ltr'><strong>Quaestio</strong></span> <span class='ocrx_word' id='word_1_127' title='bbox 368 1823 442 1884; x_wconf 83' lang='lat' dir='ltr'><strong>quae</strong></span> <span class='ocrx_word' id='word_1_128' title='bbox 461 1805 577 1866; x_wconf 83' lang='lat' dir='ltr'><strong>veniant</strong></span> <span class='ocrx_word' id='word_1_129' title='bbox 600 1804 735 1865; x_wconf 84' lang='lat' dir='ltr'><strong>diversas</strong></span> <span class='ocrx_word' id='word_1_130' title='bbox 757 1805 834 1866; x_wconf 87' lang='lat' dir='ltr'><strong>forte</strong></span> <span class='ocrx_word' id='word_1_131' title='bbox 855 1807 990 1884; x_wconf 82' lang='lat' dir='ltr'><strong>sagittae,</strong></span> 
     </span>
    </p>

    <p class='ocr_par' dir='ltr' id='par_1_14' title="bbox 186 1887 1036 1965">
     <span class='ocr_line' id='line_1_20' title="bbox 186 1887 1036 1965; baseline 0.004 -16"><span class='ocrx_word' id='word_1_132' title='bbox 186 1888 284 1950; x_wconf 87' lang='lat' dir='ltr'><strong>Nosse</strong></span> <span class='ocrx_word' id='word_1_133' title='bbox 305 1887 396 1950; x_wconf 85' lang='lat' dir='ltr'><strong>velint</strong></span> <span class='ocrx_word' id='word_1_134' title='bbox 413 1905 532 1965; x_wconf 90' lang='lat' dir='ltr'><strong>omncs,</strong></span> <span class='ocrx_word' id='word_1_135' title='bbox 553 1888 719 1951; x_wconf 84' lang='lat' dir='ltr'><strong>mercedem</strong></span> <span class='ocrx_word' id='word_1_136' title='bbox 740 1888 859 1949; x_wconf 87' lang='lat' dir='ltr'><strong>solvere</strong></span> <span class='ocrx_word' id='word_1_137' title='bbox 881 1907 1036 1952; x_wconf 85' lang='lat' dir='ltr'><strong>nemo.—</strong></span> 
     </span>
    </p>

    <p class='ocr_par' dir='ltr' id='par_1_15' title="bbox 187 1961 1153 2073">
     <span class='ocr_line' id='line_1_21' title="bbox 187 1961 1153 2073; baseline 0.001 -39"><span class='ocrx_word' id='word_1_138' title='bbox 187 1971 354 2034; x_wconf 83' lang='lat' dir='ltr'><strong>Mercedem</strong></span> <span class='ocrx_word' id='word_1_139' title='bbox 376 1969 531 2073; x_wconf 79' lang='lat' dir='ltr'><strong>appellas?</strong></span> <span class='ocrx_word' id='word_1_140' title='bbox 555 1973 624 2053; x_wconf 89' lang='lat' dir='ltr'><strong>quid</strong></span> <span class='ocrx_word' id='word_1_141' title='bbox 646 1975 720 2034; x_wconf 92' lang='lat' dir='ltr'><strong>enim</strong></span> <span class='ocrx_word' id='word_1_142' title='bbox 742 1961 882 2034; x_wconf 77' lang='lat' dir='ltr'><strong>soioi-</strong></span> <span class='ocrx_word' id='word_1_143' title='bbox 840 1969 996 2052; x_wconf 77' lang='lat' dir='ltr'><strong>-Gulpa</strong></span> <span class='ocrx_word' id='word_1_144' title='bbox 1019 1973 1153 2035; x_wconf 88' lang='lat' dir='ltr'><strong>docentis</strong></span> 
     </span>
    </p>

    <p class='ocr_par' dir='ltr' id='par_1_16' title="bbox 188 2056 1168 2156">
     <span class='ocr_line' id='line_1_22' title="bbox 188 2056 1168 2156; baseline 0.001 -39"><span class='ocrx_word' id='word_1_145' title='bbox 188 2056 309 2118; x_wconf 91' lang='lat' dir='ltr'><strong>Scilicet</strong></span> <span class='ocrx_word' id='word_1_146' title='bbox 328 2058 472 2134; x_wconf 73' lang='lat' dir='ltr'><strong>arguitur,</strong></span> <span class='ocrx_word' id='word_1_147' title='bbox 494 2057 573 2156; x_wconf 82' lang='lat' dir='ltr'><strong>quod</strong></span> <span class='ocrx_word' id='word_1_148' title='bbox 594 2056 678 2118; x_wconf 88' lang='lat' dir='ltr'><strong>laeva</strong></span> <span class='ocrx_word' id='word_1_149' title='bbox 701 2063 784 2133; x_wconf 87' lang='lat' dir='ltr'><strong>parte</strong></span> <span class='ocrx_word' id='word_1_150' title='bbox 806 2056 951 2118; x_wconf 85' lang='lat' dir='ltr'><strong>mamillae</strong></span> <span class='ocrx_word' id='word_1_151' title='bbox 1166 2075 1168 2079; x_wconf 87' lang='lat'>·</span> 
     </span>
    </p>
   </div>
   <div class='ocr_carea' id='block_1_7' title="bbox 187 2109 1286 2215">
    <p class='ocr_par' dir='ltr' id='par_1_17' title="bbox 187 2109 1286 2215">
     <span class='ocr_line' id='line_1_23' title="bbox 187 2109 1286 2215; baseline 0.001 -16"><span class='ocrx_word' id='word_1_152' title='bbox 187 2138 235 2200; x_wconf 85' lang='lat' dir='ltr'><strong>Nil</strong></span> <span class='ocrx_word' id='word_1_153' title='bbox 257 2139 323 2200; x_wconf 92' lang='lat' dir='ltr'><strong>salit</strong></span> <span class='ocrx_word' id='word_1_154' title='bbox 344 2139 521 2203; x_wconf 81' lang='lat' dir='ltr'><strong>Arcadico</strong></span> <span class='ocrx_word' id='word_1_155' title='bbox 512 2140 624 2215; x_wconf 77' lang='lat' dir='ltr'><strong>iuveni,</strong></span> <span class='ocrx_word' id='word_1_156' title='bbox 645 2140 725 2200; x_wconf 91' lang='lat' dir='ltr'><strong>cuius</strong></span> <span class='ocrx_word' id='word_1_157' title='bbox 746 2138 813 2199; x_wconf 92' lang='lat' dir='ltr'><strong>mihi</strong></span> <span class='ocrx_word' id='word_1_158' title='bbox 836 2149 920 2201; x_wconf 83' lang='lat' dir='ltr'><strong>sexta</strong></span> <span class='ocrx_word' id='word_1_159' title='bbox 1127 2143 1179 2200; x_wconf 81' lang='lat' dir='ltr'><strong>1oo</strong></span> <span class='ocrx_word' id='word_1_160' title='bbox 1285 2109 1286 2134; x_wconf 18' lang='grc' dir='ltr'>ἶ</span> 
     </span>
    </p>
   </div>
   <div class='ocr_carea' id='block_1_8' title="bbox 187 2221 1183 3408">
    <p class='ocr_par' dir='ltr' id='par_1_18' title="bbox 188 2221 1074 2387">
     <span class='ocr_line' id='line_1_24' title="bbox 188 2221 1037 2304; baseline -0.002 -21"><span class='ocrx_word' id='word_1_161' title='bbox 188 2222 311 2304; x_wconf 78' lang='lat' dir='ltr'><strong>Quaque</strong></span> <span class='ocrx_word' id='word_1_162' title='bbox 333 2222 379 2285; x_wconf 86' lang='lat' dir='ltr'><strong>die</strong></span> <span class='ocrx_word' id='word_1_163' title='bbox 402 2225 537 2286; x_wconf 89' lang='lat' dir='ltr'><strong>miserum</strong></span> <span class='ocrx_word' id='word_1_164' title='bbox 555 2224 632 2285; x_wconf 91' lang='lat' dir='ltr'><strong>dirus</strong></span> <span class='ocrx_word' id='word_1_165' title='bbox 653 2231 740 2303; x_wconf 88' lang='lat' dir='ltr'><strong>caput</strong></span> <span class='ocrx_word' id='word_1_166' title='bbox 758 2222 900 2284; x_wconf 85' lang='lat' dir='ltr'><strong>Hannibal</strong></span> <span class='ocrx_word' id='word_1_167' title='bbox 922 2221 1037 2300; x_wconf 91' lang='lat' dir='ltr'><strong>implet;</strong></span> 
     </span>
     <span class='ocr_line' id='line_1_25' title="bbox 189 2297 1101 2387; baseline -0.005 -19"><span class='ocrx_word' id='word_1_168' title='bbox 189 2306 333 2387; x_wconf 79' lang='lat' dir='ltr'><strong>Quidquid</strong></span> <span class='ocrx_word' id='word_1_169' title='bbox 355 2307 464 2385; x_wconf 89' lang='lat' dir='ltr'><strong>idest,</strong></span> <span class='ocrx_word' id='word_1_170' title='bbox 488 2309 525 2369; x_wconf 91' lang='lat' dir='ltr'><strong>de</strong></span> <span class='ocrx_word' id='word_1_171' title='bbox 548 2323 605 2386; x_wconf 86' lang='lat' dir='ltr'><strong>quo</strong></span> <span class='ocrx_word' id='word_1_172' title='bbox 627 2305 789 2382; x_wconf 88' lang='lat' dir='ltr'><strong>deliberat,</strong></span> <span class='ocrx_word' id='word_1_173' title='bbox 815 2325 850 2367; x_wconf 92' lang='lat' dir='ltr'><strong>an</strong></span> <span class='ocrx_word' id='word_1_174' title='bbox 870 2314 951 2386; x_wconf 85' lang='lat' dir='ltr'><strong>petat</strong></span> <span class='ocrx_word' id='word_1_175' title='bbox 972 2297 1101 2365; x_wconf 89' lang='lat' dir='ltr'><strong>urbem</strong></span> 
     </span>
    </p>

    <p class='ocr_par' dir='ltr' id='par_1_19' title="bbox 187 2388 950 2471">
     <span class='ocr_line' id='line_1_26' title="bbox 187 2388 950 2471; baseline -0.003 -21"><span class='ocrx_word' id='word_1_176' title='bbox 187 2388 215 2450; x_wconf 77' lang='lat' dir='ltr'>A</span> <span class='ocrx_word' id='word_1_177' title='bbox 237 2388 358 2468; x_wconf 84' lang='lat' dir='ltr'><strong>Cannis,</strong></span> <span class='ocrx_word' id='word_1_178' title='bbox 382 2409 418 2453; x_wconf 91' lang='lat' dir='ltr'><strong>an</strong></span> <span class='ocrx_word' id='word_1_179' title='bbox 439 2401 507 2471; x_wconf 87' lang='lat' dir='ltr'><strong>post</strong></span> <span class='ocrx_word' id='word_1_180' title='bbox 527 2391 640 2452; x_wconf 91' lang='lat' dir='ltr'><strong>nimbos</strong></span> <span class='ocrx_word' id='word_1_181' title='bbox 662 2398 691 2450; x_wconf 91' lang='lat' dir='ltr'><strong>et</strong></span> <span class='ocrx_word' id='word_1_182' title='bbox 710 2388 828 2452; x_wconf 89' lang='lat' dir='ltr'><strong>iulmiua</strong></span> <span class='ocrx_word' id='word_1_183' title='bbox 850 2399 950 2450; x_wconf 90' lang='lat' dir='ltr'><strong>cautus</strong></span> 
     </span>
    </p>

    <p class='ocr_par' dir='ltr' id='par_1_20' title="bbox 189 2471 921 2554">
     <span class='ocr_line' id='line_1_27' title="bbox 189 2471 921 2554; baseline 0 -20"><span class='ocrx_word' id='word_1_184' title='bbox 189 2471 372 2552; x_wconf 76' lang='lat' dir='ltr'><strong>circumagat</strong></span> <span class='ocrx_word' id='word_1_185' title='bbox 391 2476 520 2537; x_wconf 87' lang='lat' dir='ltr'><strong>madidas</strong></span> <span class='ocrx_word' id='word_1_186' title='bbox 541 2494 558 2536; x_wconf 92' lang='lat' dir='ltr'><strong>a</strong></span> <span class='ocrx_word' id='word_1_187' title='bbox 579 2483 753 2554; x_wconf 86' lang='lat' dir='ltr'><strong>tempestate</strong></span> <span class='ocrx_word' id='word_1_188' title='bbox 772 2475 921 2536; x_wconf 89' lang='lat' dir='ltr'><strong>cobortes</strong></span> 
     </span>
    </p>

    <p class='ocr_par' dir='ltr' id='par_1_21' title="bbox 188 2555 1181 2720">
     <span class='ocr_line' id='line_1_28' title="bbox 189 2555 1181 2638; baseline 0.002 -21"><span class='ocrx_word' id='word_1_189' title='bbox 189 2556 330 2630; x_wconf 83' lang='lat' dir='ltr'><strong>Quantum</strong></span> <span class='ocrx_word' id='word_1_190' title='bbox 351 2559 395 2618; x_wconf 88' lang='lat' dir='ltr'><strong>vis</strong></span> <span class='ocrx_word' id='word_1_191' title='bbox 417 2559 572 2638; x_wconf 87' lang='lat' dir='ltr'><strong>stipulare,</strong></span> <span class='ocrx_word' id='word_1_192' title='bbox 598 2568 628 2620; x_wconf 91' lang='lat' dir='ltr'><strong>et</strong></span> <span class='ocrx_word' id='word_1_193' title='bbox 648 2558 777 2638; x_wconf 91' lang='lat' dir='ltr'><strong>protinus</strong></span> <span class='ocrx_word' id='word_1_194' title='bbox 801 2561 923 2637; x_wconf 88' lang='lat' dir='ltr'><strong>accipe,</strong></span> <span class='ocrx_word' id='word_1_195' title='bbox 948 2557 1024 2635; x_wconf 91' lang='lat' dir='ltr'><strong>quod</strong></span> <span class='ocrx_word' id='word_1_196' title='bbox 1047 2555 1096 2632; x_wconf 92' lang='lat' dir='ltr'><strong>do,</strong></span> <span class='ocrx_word' id='word_1_197' title='bbox 1128 2565 1181 2619; x_wconf 83' lang='grc'><strong>165</strong></span> 
     </span>
     <span class='ocr_line' id='line_1_29' title="bbox 188 2639 937 2720; baseline 0 -21"><span class='ocrx_word' id='word_1_198' title='bbox 188 2639 226 2700; x_wconf 91' lang='lat' dir='ltr'><strong>Ut</strong></span> <span class='ocrx_word' id='word_1_199' title='bbox 247 2643 335 2701; x_wconf 90' lang='lat' dir='ltr'><strong>toties</strong></span> <span class='ocrx_word' id='word_1_200' title='bbox 352 2641 431 2702; x_wconf 87' lang='lat' dir='ltr'><strong>illum</strong></span> <span class='ocrx_word' id='word_1_201' title='bbox 452 2650 537 2720; x_wconf 90' lang='lat' dir='ltr'><strong>pater</strong></span> <span class='ocrx_word' id='word_1_202' title='bbox 559 2642 705 2702; x_wconf 84' lang='lat' dir='ltr'><strong>audiat-</strong></span> <span class='ocrx_word' id='word_1_203' title='bbox 718 2640 792 2702; x_wconf 88' lang='lat' dir='ltr'><strong>hacc</strong></span> <span class='ocrx_word' id='word_1_204' title='bbox 813 2642 862 2702; x_wconf 90' lang='lat' dir='ltr'><strong>alii</strong></span> <span class='ocrx_word' id='word_1_205' title='bbox 883 2659 937 2702; x_wconf 86' lang='lat' dir='ltr'><strong>sex</strong></span> 
     </span>
    </p>

    <p class='ocr_par' dir='ltr' id='par_1_22' title="bbox 187 2723 890 2804">
     <span class='ocr_line' id='line_1_30' title="bbox 187 2723 890 2804; baseline 0.004 -23"><span class='ocrx_word' id='word_1_206' title='bbox 187 2723 245 2784; x_wconf 89' lang='lat' dir='ltr'><strong>Vel</strong></span> <span class='ocrx_word' id='word_1_207' title='bbox 266 2725 366 2804; x_wconf 89' lang='lat' dir='ltr'><strong>plures</strong></span> <span class='ocrx_word' id='word_1_208' title='bbox 389 2741 445 2786; x_wconf 91' lang='lat' dir='ltr'><strong>uno</strong></span> <span class='ocrx_word' id='word_1_209' title='bbox 466 2723 646 2784; x_wconf 89' lang='lat' dir='ltr'><strong>conclamant</strong></span> <span class='ocrx_word' id='word_1_210' title='bbox 667 2740 719 2784; x_wconf 89' lang='lat' dir='ltr'><strong>ore</strong></span> <span class='ocrx_word' id='word_1_211' title='bbox 740 2723 890 2802; x_wconf 88' lang='lat' dir='ltr'><strong>sophistae</strong></span> 
     </span>
    </p>

    <p class='ocr_par' dir='ltr' id='par_1_23' title="bbox 188 2805 855 2885">
     <span class='ocr_line' id='line_1_31' title="bbox 188 2805 855 2885; baseline 0.001 -19"><span class='ocrx_word' id='word_1_212' title='bbox 188 2805 226 2868; x_wconf 87' lang='lat' dir='ltr'><strong>Et</strong></span> <span class='ocrx_word' id='word_1_213' title='bbox 245 2825 332 2868; x_wconf 88' lang='lat' dir='ltr'><strong>veras</strong></span> <span class='ocrx_word' id='word_1_214' title='bbox 354 2809 462 2885; x_wconf 81' lang='lat' dir='ltr'><strong>agitant</strong></span> <span class='ocrx_word' id='word_1_215' title='bbox 483 2807 566 2883; x_wconf 91' lang='lat' dir='ltr'><strong>lites,</strong></span> <span class='ocrx_word' id='word_1_216' title='bbox 589 2815 708 2885; x_wconf 90' lang='lat' dir='ltr'><strong>raptore</strong></span> <span class='ocrx_word' id='word_1_217' title='bbox 733 2805 855 2880; x_wconf 87' lang='lat' dir='ltr'><strong>relicto;</strong></span> 
     </span>
    </p>

    <p class='ocr_par' dir='ltr' id='par_1_24' title="bbox 188 2889 993 2968">
     <span class='ocr_line' id='line_1_32' title="bbox 188 2889 993 2968; baseline -0.004 -18"><span class='ocrx_word' id='word_1_218' title='bbox 188 2889 264 2951; x_wconf 83' lang='lat' dir='ltr'><strong>Fusa</strong></span> <span class='ocrx_word' id='word_1_219' title='bbox 285 2908 397 2950; x_wconf 84' lang='lat' dir='ltr'><strong>venena</strong></span> <span class='ocrx_word' id='word_1_220' title='bbox 419 2890 523 2966; x_wconf 89' lang='lat' dir='ltr'><strong>silent,</strong></span> <span class='ocrx_word' id='word_1_221' title='bbox 545 2889 637 2950; x_wconf 90' lang='lat' dir='ltr'><strong>malus</strong></span> <span class='ocrx_word' id='word_1_222' title='bbox 657 2890 845 2968; x_wconf 80' lang='lat' dir='ltr'><strong>ingratusque</strong></span> <span class='ocrx_word' id='word_1_223' title='bbox 865 2889 993 2965; x_wconf 89' lang='lat' dir='ltr'><strong>maritus,</strong></span> 
     </span>
    </p>

    <p class='ocr_par' dir='ltr' id='par_1_25' title="bbox 188 2972 1183 3134">
     <span class='ocr_line' id='line_1_33' title="bbox 188 2972 1183 3052; baseline 0.005 -19"><span class='ocrx_word' id='word_1_224' title='bbox 188 2972 226 3033; x_wconf 85' lang='lat' dir='ltr'><strong>Et</strong></span> <span class='ocrx_word' id='word_1_225' title='bbox 244 2991 317 3052; x_wconf 89' lang='lat' dir='ltr'><strong>quae</strong></span> <span class='ocrx_word' id='word_1_226' title='bbox 340 2977 395 3034; x_wconf 93' lang='lat' dir='ltr'><strong>iam</strong></span> <span class='ocrx_word' id='word_1_227' title='bbox 417 2983 536 3034; x_wconf 87' lang='lat' dir='ltr'><strong>veteres</strong></span> <span class='ocrx_word' id='word_1_228' title='bbox 555 2982 656 3035; x_wconf 88' lang='lat' dir='ltr'><strong>sanant</strong></span> <span class='ocrx_word' id='word_1_229' title='bbox 676 2974 812 3033; x_wconf 90' lang='lat' dir='ltr'><strong>mortaria</strong></span> <span class='ocrx_word' id='word_1_230' title='bbox 834 2989 952 3034; x_wconf 83' lang='lat' dir='ltr'><strong>caecos.</strong></span> <span class='ocrx_word' id='word_1_231' title='bbox 1128 2981 1183 3038; x_wconf 84' lang='grc'><strong>170</strong></span> 
     </span>
     <span class='ocr_line' id='line_1_34' title="bbox 189 3055 1006 3134; baseline 0.001 -19"><span class='ocrx_word' id='word_1_232' title='bbox 189 3056 269 3133; x_wconf 80' lang='lat' dir='ltr'><strong>Ergo</strong></span> <span class='ocrx_word' id='word_1_233' title='bbox 288 3057 342 3117; x_wconf 93' lang='lat' dir='ltr'><strong>sibi</strong></span> <span class='ocrx_word' id='word_1_234' title='bbox 364 3058 443 3118; x_wconf 89' lang='lat' dir='ltr'><strong>dabit</strong></span> <span class='ocrx_word' id='word_1_235' title='bbox 462 3059 526 3134; x_wconf 89' lang='lat' dir='ltr'><strong>ipse</strong></span> <span class='ocrx_word' id='word_1_236' title='bbox 546 3056 662 3132; x_wconf 85' lang='lat' dir='ltr'><strong>rudem,</strong></span> <span class='ocrx_word' id='word_1_237' title='bbox 685 3057 709 3115; x_wconf 92' lang='lat' dir='ltr'><strong>si</strong></span> <span class='ocrx_word' id='word_1_238' title='bbox 731 3065 831 3118; x_wconf 85' lang='lat' dir='ltr'><strong>nostra</strong></span> <span class='ocrx_word' id='word_1_239' title='bbox 848 3055 1006 3117; x_wconf 88' lang='lat' dir='ltr'><strong>movebunt</strong></span> 
     </span>
    </p>

    <p class='ocr_par' dir='ltr' id='par_1_26' title="bbox 190 3136 938 3218">
     <span class='ocr_line' id='line_1_35' title="bbox 190 3136 938 3218; baseline 0.001 -19"><span class='ocrx_word' id='word_1_240' title='bbox 190 3136 336 3214; x_wconf 81' lang='lat' dir='ltr'><strong>Consilia,</strong></span> <span class='ocrx_word' id='word_1_241' title='bbox 358 3149 387 3200; x_wconf 87' lang='lat' dir='ltr'><strong>et</strong></span> <span class='ocrx_word' id='word_1_242' title='bbox 407 3141 484 3202; x_wconf 86' lang='lat' dir='ltr'><strong>vitae</strong></span> <span class='ocrx_word' id='word_1_243' title='bbox 506 3142 651 3202; x_wconf 87' lang='lat' dir='ltr'><strong>diversum</strong></span> <span class='ocrx_word' id='word_1_244' title='bbox 669 3142 725 3200; x_wconf 90' lang='lat' dir='ltr'><strong>iter</strong></span> <span class='ocrx_word' id='word_1_245' title='bbox 749 3141 938 3218; x_wconf 83' lang='lat' dir='ltr'><strong>ingredietur,</strong></span> 
     </span>
    </p>

    <p class='ocr_par' dir='ltr' id='par_1_27' title="bbox 189 3222 979 3322">
     <span class='ocr_line' id='line_1_36' title="bbox 189 3222 979 3322; baseline 0.003 -41"><span class='ocrx_word' id='word_1_246' title='bbox 189 3222 235 3283; x_wconf 77' lang='lat' dir='ltr'><strong>Ad</strong></span> <span class='ocrx_word' id='word_1_247' title='bbox 257 3240 381 3301; x_wconf 84' lang='lat' dir='ltr'><strong>pugnam</strong></span> <span class='ocrx_word' id='word_1_248' title='bbox 403 3227 462 3304; x_wconf 82' lang='lat' dir='ltr'><strong>qui</strong></span> <span class='ocrx_word' id='word_1_249' title='bbox 470 3223 616 3286; x_wconf 83' lang='lat' dir='ltr'><strong>rhetorica</strong></span> <span class='ocrx_word' id='word_1_250' title='bbox 638 3224 788 3285; x_wconf 88' lang='lat' dir='ltr'><strong>descendit</strong></span> <span class='ocrx_word' id='word_1_251' title='bbox 810 3225 846 3284; x_wconf 88' lang='lat' dir='ltr'><strong>ab</strong></span> <span class='ocrx_word' id='word_1_252' title='bbox 868 3223 979 3322; x_wconf 81' lang='lat' dir='ltr'><strong>umbra,</strong></span> 
     </span>
    </p>

    <p class='ocr_par' dir='ltr' id='par_1_28' title="bbox 190 3307 938 3408">
     <span class='ocr_line' id='line_1_37' title="bbox 190 3307 938 3408; baseline 0.004 -43"><span class='ocrx_word' id='word_1_253' title='bbox 190 3307 335 3368; x_wconf 88' lang='lat' dir='ltr'><strong>Summula</strong></span> <span class='ocrx_word' id='word_1_254' title='bbox 356 3325 393 3368; x_wconf 92' lang='lat' dir='ltr'><strong>ne</strong></span> <span class='ocrx_word' id='word_1_255' title='bbox 413 3316 533 3408; x_wconf 86' lang='lat' dir='ltr'><strong>pereat,</strong></span> <span class='ocrx_word' id='word_1_256' title='bbox 558 3326 613 3388; x_wconf 85' lang='lat' dir='ltr'><strong>qua</strong></span> <span class='ocrx_word' id='word_1_257' title='bbox 635 3308 700 3369; x_wconf 87' lang='lat' dir='ltr'><strong>vilis</strong></span> <span class='ocrx_word' id='word_1_258' title='bbox 723 3316 837 3369; x_wconf 90' lang='lat' dir='ltr'><strong>tessera</strong></span> <span class='ocrx_word' id='word_1_259' title='bbox 857 3309 938 3368; x_wconf 84' lang='lat' dir='ltr'><strong>venit</strong></span> 
     </span>
    </p>
   </div>
   <div class='ocr_carea' id='block_1_9' title="bbox 189 3389 1181 3562">
    <p class='ocr_par' dir='ltr' id='par_1_29' title="bbox 189 3343 1286 3556">
     <span class='ocr_line' id='line_1_38' title="bbox 189 3389 1181 3472; baseline 0.005 -22"><span class='ocrx_word' id='word_1_260' title='bbox 189 3389 351 3460; x_wconf 86' lang='lat' dir='ltr'><strong>Frumenti;</strong></span> <span class='ocrx_word' id='word_1_261' title='bbox 372 3393 480 3472; x_wconf 85' lang='lat' dir='ltr'><strong>quippe</strong></span> <span class='ocrx_word' id='word_1_262' title='bbox 501 3393 576 3454; x_wconf 86' lang='lat' dir='ltr'><strong>bueo</strong></span> <span class='ocrx_word' id='word_1_263' title='bbox 597 3410 713 3453; x_wconf 91' lang='lat' dir='ltr'><strong>merces</strong></span> <span class='ocrx_word' id='word_1_264' title='bbox 735 3392 902 3453; x_wconf 89' lang='lat' dir='ltr'><strong>lautissima.</strong></span> <span class='ocrx_word' id='word_1_265' title='bbox 950 3390 1081 3470; x_wconf 81' lang='lat' dir='ltr'><strong>Tempta,</strong></span> <span class='ocrx_word' id='word_1_266' title='bbox 1127 3399 1181 3455; x_wconf 85' lang='grc'><strong>175</strong></span> 
     </span>
     <span class='ocr_line' id='line_1_39' title="bbox 190 3439 950 3562; baseline 0.004 -30"><span class='ocrx_word' id='word_1_267' title='bbox 190 3439 401 3562; x_wconf 74' lang='lat' dir='ltr'><strong>chrysogonus</strong></span> <span class='ocrx_word' id='word_1_268' title='bbox 424 3478 521 3556; x_wconf 82' lang='lat' dir='ltr'><strong>quami</strong></span> <span class='ocrx_word' id='word_1_269' title='bbox 544 3479 650 3538; x_wconf 88' lang='lat' dir='ltr'><strong>doceat</strong></span> <span class='ocrx_word' id='word_1_270' title='bbox 669 3475 718 3538; x_wconf 86' lang='lat' dir='ltr'><strong>uel</strong></span> <span class='ocrx_word' id='word_1_271' title='bbox 735 3475 829 3536; x_wconf 87' lang='lat' dir='ltr'><strong>Pollio</strong></span> <span class='ocrx_word' id='word_1_272' title='bbox 853 3477 950 3554; x_wconf 87' lang='lat' dir='ltr'><strong>quanti</strong></span> 
     </span>
    </p>
   </div>
   <div class='ocr_carea' id='block_1_10' title="bbox 0 0 1300 3946">
    <p class='ocr_par' dir='ltr' id='par_1_30' title="bbox 0 0 1300 3946">
     <span class='ocr_line' id='line_1_40' title="bbox 0 0 1300 3946; baseline 0 0"><span class='ocrx_word' id='word_1_273' title='bbox 0 0 1300 3946; x_wconf 95' lang='lat' dir='ltr'><strong> </strong></span> 
     </span>
    </p>
   </div>
  </div>
 </body>
</html>
