2582 3950
170 245 188 305 8
496 255 531 302 n.
552 255 623 303 uon,
646 254 832 304 suusuacrs

172 395 331 459 llontanum
352 394 454 474 positis
476 392 588 454 audiret
612 391 716 470 vulgus
739 395 850 454 aratris.

171 478 245 553 Quid
267 495 324 538 non
347 477 531 556 proclames,
554 478 582 536 in
604 494 732 555 corporo
754 477 858 538 iudicis
881 479 934 539 ista

170 565 201 623 Si
220 558 344 622 videas?
366 576 476 640 quaero
496 579 533 620 an
555 561 680 621 deceant
700 559 827 621 multicia
849 559 976 622 testem?

169 646 257 707 Acer·
272 654 302 706 et
322 644 477 706 indomitus
498 643 700 722 libertatisque
723 645 879 721 magister,

170 727 305 804 Gratiae,
324 727 476 806 perluceat
498 726 587 787 Dedit
607 727 681 788 banc
703 729 838 805 contagio
860 727 957 790 labem

168 813 206 874 Et
227 812 304 874 dabit
325 814 354 872 in
376 811 493 890 plures;
520 810 594 870 sicut
613 829 688 888 grex
709 819 787 871 totus
806 813 835 870 iu
854 814 933 889 agris

168 896 258 957 Unius
278 895 379 957 scabie
402 893 479 956 cadit
501 903 530 953 et
552 895 702 972 porrigine
725 896 824 973 porci,

168 979 289 1060 Uvaque
313 987 471 1057 conspecta
494 977 616 1038 livorem
639 977 716 1038 ducit
738 977 774 1039 ab
796 996 861 1038 uva.

167 1063 295 1127 Foedius
317 1063 375 1122 boe
396 1059 505 1139 aliquid
528 1061 701 1140 quandoque
725 1060 848 1122 audebis
868 1062 989 1124 amictu:

169 1148 261 1209 Nemo
283 1154 406 1225 repente
429 1144 482 1205 luit
503 1145 701 1224 turpissimum
724 1146 869 1224 accipient
891 1155 920 1206 te

168 1231 322 1306 Paulatim,
343 1229 391 1308 qui
414 1228 501 1306 longa
523 1229 599 1288 domi
619 1228 788 1289 redimicula
810 1237 923 1288 sumunt

168 1314 322 1375 Frontibus
345 1321 374 1372 et
397 1319 458 1372 toto
483 1329 612 1391 posuere
633 1311 750 1372 monilia
772 1312 868 1388 collo,

169 1398 265 1477 Atque
285 1396 394 1457 Bonam
414 1404 535 1456 tenerae
559 1396 675 1474 placant
698 1395 852 1456 abdomine
874 1413 983 1475 porcae

168 1479 205 1542 lit
226 1497 330 1559 magno
354 1488 469 1540 cratere
491 1478 599 1548 lleam;
628 1481 680 1541 sed
702 1496 784 1540 more
807 1480 922 1540 sinistro

168 1564 321 1643 Exagitata
343 1564 448 1643 procul
467 1579 524 1622 non
546 1565 631 1623 intrat
653 1564 758 1624 lamina
781 1564 882 1633 limen:

169 1648 247 1708 Solis
269 1665 318 1709 ara
340 1648 413 1708 deae
434 1646 561 1708 maribus
582 1656 671 1725 patet.
702 1648 746 1709 lte
767 1647 924 1727 profanae!

169 1729 329 1800 clamatum
353 1731 433 1792 nullo
454 1731 544 1809 gemit
565 1731 613 1791 bie
632 1731 748 1792 tibicina
773 1749 872 1792 cornu.

168 1814 249 1876 Talia
272 1825 388 1876 secreta
411 1815 562 1875 coluerunt
585 1816 667 1892 orma
689 1815 775 1876 taeda

170 1897 345 1979 Cecropiam
362 1899 442 1959 soliti
463 1898 574 1978 Baptae
599 1898 710 1960 lassare
734 1896 863 1976 Got'ytto.

166 1983 221 2044 llle
244 1984 430 2064 supercilium
451 1982 564 2043 madida
586 1982 708 2061 fuligine
732 1991 839 2044 tactum

167 2066 291 2146 Obliqua
315 2067 450 2147 producit
471 2085 526 2126 acu
548 2067 697 2146 pingitque
718 2075 878 2128 trementes

168 2150 318 2212 Attollens
335 2151 453 2211 oculos:
474 2151 569 2211 vitreo
587 2149 659 2210 bibit
676 2151 727 2212 ille
751 2153 871 2230 priapo,

169 2233 391 2313 lleticulumquo
413 2235 504 2294 comis
526 2243 654 2294 auratum
672 2235 837 2312 ingentibus
859 2234 977 2314 implet,

169 2317 314 2380 Caerulea
335 2318 450 2378 indutus
471 2317 613 2378 scutulata
629 2327 678 2377 aut
700 2317 817 2396 galbina
838 2333 920 2394 rasa,

167 2401 204 2463 Et
228 2421 282 2480 per
302 2401 440 2462 lunonem
462 2400 567 2463 domini
590 2401 700 2461 iurante
720 2403 860 2462 ministro.

168 2485 221 2546 llle
242 2493 322 2546 tenet
344 2485 513 2564 speculum,
537 2485 646 2564 pathici
667 2495 819 2563 gestamen
842 2484 979 2562 Othonis,

168 2569 287 2629 Actoris
309 2568 437 2630 Aurunci
458 2569 600 2649 spolium,
625 2587 682 2649 quo
706 2589 739 2630 se
761 2570 813 2630 ille
830 2569 948 2630 videbat
1107 2581 1160 2632 100

167 2653 330 2730 Armatam,
353 2671 439 2731 quum
460 2655 515 2714 iam
532 2652 597 2713 tolli
617 2653 727 2714 vexilla
750 2653 873 2714 iuberet.

167 2737 228 2797 lies
248 2737 434 2799 memoranda
456 2737 540 2796 nouis
562 2735 712 2796 annalibus
733 2745 821 2813 atque
843 2736 955 2795 recenti

167 2820 309 2898 Historia,
333 2821 484 2901 speculum
506 2818 600 2880 civilis
622 2820 735 2879 sarcina
757 2819 845 2879 belli!

167 2903 305 2966 Nimirum
327 2905 427 2966 summi
445 2905 527 2965 ducis
550 2910 595 2962 est
617 2902 755 2962 occidere
779 2899 898 2962 Galbam

167 2987 203 3048 Et
224 3006 326 3049 curare
349 2997 458 3051 cutem:
479 2986 579 3046 summi
600 2986 761 3045 constantia
785 2986 874 3061 civis,
1108 2998 1160 3050 105

167 3071 301 3133 Bebriaci
324 3087 427 3151 campo
449 3069 574 3149 spolium
595 3067 734 3130 affectare
757 3068 848 3129 Palati

167 3154 205 3216 Et
226 3173 359 3235 pressum
381 3156 409 3214 in
431 3153 536 3214 taciem
559 3152 655 3231 digitis
678 3151 839 3213 extendere
860 3169 980 3232 panem:

170 3238 255 3313 Quod
278 3257 335 3299 nec
355 3240 383 3298 in
397 3236 520 3312 Assyrio
543 3235 710 3315 pharetrata
732 3237 899 3298 Semiramis
921 3234 1005 3313 orbe,

166 3322 281 3383 blaesta
302 3339 359 3382 nec
380 3320 501 3381 Actiaca
525 3320 596 3380 lecit
618 3316 777 3400 Cleopatra
797 3322 904 3382 carim.

151 3405 222 3468 llic
243 3405 338 3466 nullus
360 3404 459 3466 verbis
482 3405 577 3484 pudor
595 3413 644 3467 aut
662 3407 828 3467 reverentia
850 3422 987 3477 mensae;
1108 3415 1160 3469 mo

167 3485 222 3548 llic
242 3487 337 3568 'turpis
359 3486 487 3566 Cybeles
511 3498 539 3549 et
561 3489 655 3550 tracta
676 3507 752 3550 voce
775 3487 914 3570 loquendi
