2582 3950
541 260 665 341 sabana
688 261 711 308 1.

113 405 196 484 lpse,
220 401 388 461 lacernatae
408 415 494 476 quum
516 417 549 458 se
570 400 692 460 iactaret
714 400 837 459 amicae!

114 485 220 548 Nonne
243 484 315 544 libet
332 482 428 542 medio
451 499 536 541 ceras
559 482 682 562 implere
705 500 830 561 capaces

115 568 295 646 Quadriuio,
319 584 404 645 quum
422 566 478 625 iarn
503 573 587 626 sexta
609 567 728 627 cervice
749 566 875 642 feratur,

114 654 190 715 lliuc
212 661 299 730 atque
321 648 386 710 iude
408 657 512 727 patens
534 666 570 710 ac
591 649 667 709 nuda
689 667 784 729 paene
807 650 944 711 cathedra

114 736 154 798 Et
175 735 294 796 multum
314 733 448 794 referens
471 732 507 794 de
529 732 702 794 Maecenate
726 735 848 812 supine,

116 822 256 899 Signator
277 818 371 892 ialso',
396 817 445 895 qui
468 835 502 876 se
524 816 633 878 lautum
655 826 743 896 atque
766 817 880 879 beatum

113 903 238 981 Exiguis
259 901 364 962 tabulis
387 910 415 960 et
435 901 550 978 gemma
568 901 683 962 iecerat
701 898 780 962 uda?

115 988 251 1049 Occurrit
269 993 400 1046 matrona
424 993 547 1063 potens,
572 1002 647 1062 quae
668 984 758 1045 molle
782 983 920 1044 Calenum

113 1073 290 1134 Porrectnra
311 1071 375 1129 viro
395 1071 499 1129 miscet
519 1071 635 1128 sitiente
655 1067 801 1145 rubetam,

113 1155 298 1233 instituitque
320 1151 410 1213 rudes
429 1152 534 1212 melior
554 1151 678 1212 Lucusta
700 1154 880 1232 propinquas

114 1239 173 1301 Per
194 1237 297 1298 lamam
319 1245 349 1296 et
371 1235 510 1314 populum
531 1237 633 1314 nigros
657 1235 764 1296 ellerre
783 1237 912 1297 maritos.

115 1322 202 1383 Ande
223 1321 331 1400 aliquid
353 1318 493 1380 brevibus
518 1318 620 1395 Gyaris
644 1329 674 1380 et
695 1336 816 1382 carcere
839 1319 971 1397 dignum,

115 1408 148 1468 Si
167 1407 212 1465 vis
235 1422 302 1465 esse
325 1402 449 1482 aliquid:
474 1402 606 1482 probitas
628 1402 761 1464 laudatur
779 1413 808 1464 et
830 1403 921 1481 alget,

116 1485 421 1551 Criminibus-lehem
441 1487 560 1563 hortos,
581 1489 746 1566 praetoria,
769 1503 903 1563 mensas,

114 1576 277 1652 Argentum
296 1581 380 1631 vetus
403 1579 432 1631 et
453 1579 576 1631 stantem
598 1579 681 1632 extra
703 1572 810 1651 pocula
833 1587 959 1649 caprum.

116 1658 210 1733 Quem
232 1656 338 1735 patitur
360 1654 486 1716 dormire
508 1672 596 1715 nurus
619 1664 774 1735 corruptor
797 1673 918 1730 avarae,

116 1742 210 1817 Quem
233 1755 360 1818 sponsae
383 1747 485 1818 turpes
507 1747 538 1798 et
555 1747 756 1817 praetextatus
778 1736 912 1800 adulter?

116 1826 149 1887 Si
170 1833 269 1884 natura
292 1831 396 1901 negat,
418 1823 489 1884 lacit
508 1822 669 1901 indignatio
690 1839 822 1899 versum,

116 1908 356 1985 Qualemcunqne
379 1915 495 1986 potest,
519 1906 622 1987 quales
645 1924 703 1984 ego
724 1907 773 1967 rel
795 1904 962 1966 Cluuienus.
1073 1911 1108 1966 80

180 1991 226 2054 Ex
248 2008 306 2071 quo
329 1990 492 2052 Deucalion
512 1989 614 2049 nimbis
634 1990 805 2051 tollentibus
823 2005 935 2066 aequor

115 2074 241 2153 Navigio
263 2083 390 2135 montem
412 2074 543 2134 ascendit
563 2082 719 2152 sortesque
741 2073 899 2153 poposcit,

116 2159 314 2237 Paulatimque
337 2161 430 2218 anima
453 2157 602 2218 caluerunt
622 2158 722 2218 mollia
744 2176 831 2234 saxa,

116 2243 155 2303 Et
178 2241 303 2302 maribus
326 2242 417 2303 nudas
439 2241 565 2303 osmndit
586 2241 697 2319 Pyrrha
720 2242 846 2321 puellas,

118 2325 264 2405 Quidquid
282 2335 370 2404 agunt
386 2326 533 2403 hemines,
549 2337 665 2402 votum,
681 2327 782 2401 timor,
799 2327 858 2401 ira,
873 2323 1027 2402 voluptas,
1072 2331 1106 2384 85

118 2409 243 2486 Gaudia,
267 2410 435 2487 discursus,
458 2412 549 2470 nostri
570 2411 689 2486 farrago
711 2409 804 2469 libelli
827 2416 881 2467 est.

117 2492 156 2554 Et
177 2492 293 2572 quaudo
315 2492 436 2554 uberior
457 2495 591 2553 vitiorum
614 2489 721 2571 copiai
743 2491 857 2570 quando

117 2577 211 2638 blaiar
234 2578 372 2637 avaritiae
394 2577 484 2654 patuit
504 2572 605 2635 sinus?
627 2576 692 2636 alea
714 2574 828 2655 quando

117 2659 179 2721 Hos
198 2656 331 2720 animosi
352 2678 448 2738 neque
472 2661 546 2720 enirn
568 2659 674 2720 loculis
696 2659 898 2722 comitantibus
920 2660 977 2720 itur

117 2745 164 2806 Ad
189 2761 287 2804 casum
308 2744 440 2819 tabulae,
461 2745 556 2823 posita
578 2743 630 2805 sed
651 2744 760 2805 luditur
781 2763 859 2806 arca.

117 2827 235 2890 Proelia
257 2837 362 2907 quanta
381 2827 443 2888 illic
463 2828 667 2908 dispensatore
690 2827 804 2889 videbis

118 2911 291 2990 Armigero!
313 2911 475 2992 simplexne
494 2911 578 2972 iuror
599 2913 736 2971 sestertia
758 2920 874 2972 centum

118 2996 248 3057 Perdere
271 3005 301 3055 et
319 2995 449 3057 borrenti
471 2998 595 3056 tunicam
617 3012 676 3055 uon
696 2995 823 3055 reddere
846 2991 955 3053 servo?

120 3079 192 3153 Quis
215 3079 334 3140 totidem
357 3079 452 3140 erexit
473 3079 575 3154 villas,
599 3079 662 3157 quis
681 3077 795 3138 fercula
816 3085 930 3156 septem

120 3163 245 3224 Secreto
269 3165 403 3225 coenavit
421 3159 514 3223 avus?
535 3179 611 3222 nnnc
630 3160 761 3241 sportula
782 3163 876 3240 primo

119 3246 228 3307 Limine
250 3264 339 3326 parva
362 3246 462 3322 sedet,
486 3245 589 3306 turbae
608 3244 747 3325 rapienda
768 3254 902 3323 togatae:

119 3329 175 3391 lllc
197 3339 293 3391 tamen
314 3331 420 3391 faciem
441 3331 521 3409 prius
543 3330 658 3409 inspicit
681 3339 711 3390 et
732 3329 874 3408 trepidat,
897 3347 934 3388 ue

121 3414 297 3493 Suppositus
319 3416 420 3474 venias
442 3431 479 3475 ac
495 3414 571 3475 falso
590 3415 704 3474 nomine
725 3431 844 3492 poscas.

121 3496 243 3574 Agnitus
265 3499 409 3577 accipies;
432 3496 513 3558 iubet
534 3517 550 3558 a
573 3515 720 3576 praecone
743 3497 845 3557 vocari
863 3576 904 3637 μ
