2582 3950
204 248 239 307 14
524 255 559 302 D.
582 254 654 303 IUN.
678 253 863 302 IUVENALIS

199 397 337 476 Pauperis
361 395 409 455 hic
429 394 578 469 meritum,
598 396 623 454 si
645 403 728 455 curet
747 403 835 454 nocte
857 401 974 468 togatus

200 478 342 555 Comere,
364 496 449 556 quum
470 487 591 556 praetor
611 478 744 539 lictorem
764 475 896 555 impellat
915 485 945 535 et
965 478 1008 537 ire

198 564 392 642 Praecipitem
414 561 530 639 iubeat,
552 562 657 623 dudum
677 560 862 638 vigilantibus
885 559 976 637 orbis,

197 647 242 708 Ne
265 648 345 727 prior
367 644 501 705 lllbinam
525 655 555 704 et
576 643 702 705 Modiam
724 643 843 720 collega
865 641 993 704 salutet?
1138 657 1193 711 rso

197 731 300 790 Divitis
323 728 371 791 bic
393 731 471 789 servi
494 728 601 789 clandit
622 728 696 788 latos
719 728 909 803 ingenuorum

197 813 304 882 Filium
329 813 404 874 alter
426 814 516 886 enim,
540 811 725 888 quantumin
749 811 867 887 legione
888 809 994 872 tribuni

197 897 371 977 Accipiunt,
394 898 482 956 donat
505 892 641 953 Calvinae
661 894 710 954 vel
735 891 884 970 Catienae,

196 980 235 1041 Ut
253 981 346 1041 semel
380 990 429 1039 ant
460 979 565 1039 iterum
597 995 686 1056 super
706 976 784 1037 illam
807 977 944 1056 palpitet:
967 987 995 1039 at
1017 989 1058 1057 to,

198 1064 291 1139 Quum
313 1064 365 1124 tibi
382 1061 479 1121 vestiti
499 1060 592 1120 iacies
615 1061 705 1121 scorti
723 1061 839 1140 placet,
863 1061 969 1122 haeres
1135 1075 1190 1130 135

196 1148 234 1209 Et
255 1146 369 1208 dubitas
391 1144 448 1203 alta
472 1140 604 1204 Chionen
627 1145 774 1205 deducere
796 1145 880 1205 sella.

196 1232 241 1292 Da
263 1239 369 1290 testem
384 1226 494 1287 Romae
511 1235 568 1288 tarn
589 1237 737 1303 sanctum,
759 1246 843 1308 quarn
865 1229 918 1288 init
939 1230 1049 1309 hospes

196 1315 325 1374 Numinis
348 1311 445 1386 ldaei,
468 1311 610 1389 procedat
629 1311 680 1372 vel
699 1311 790 1372 Numa
810 1312 860 1373 vel
884 1316 932 1390 qui

197 1397 331 1459 Servavit
350 1393 492 1475 trepidam
512 1395 645 1473 flagranti
665 1413 702 1455 ex
722 1395 796 1456 aede
819 1395 991 1457 Minervam:

197 1481 329 1542 Protinus
351 1480 540 1547 adoreneum:
565 1480 601 1539 de
623 1478 753 1540 moribus
775 1480 873 1540 ultima
895 1481 945 1539 liet
1039 1486 1048 1496 ’
1135 1494 1189 1546 140

196 1565 353 1640 Quaestio:
377 1571 448 1641 quot
464 1565 557 1641 pascit
580 1560 704 1623 servos?
723 1573 794 1642 quot
814 1565 946 1642 possidet
965 1566 1028 1642 agri

194 1644 322 1724 Iugera?
344 1665 429 1725 quam
447 1647 534 1707 multa
556 1664 719 1726 magnaque
742 1647 900 1726 paropside
923 1646 1048 1709 coenat?

196 1731 338 1805 Quantum
363 1731 486 1810 quisque
510 1749 560 1790 sua
583 1747 760 1790 nummorum
782 1741 882 1792 servat
899 1734 932 1790 in
950 1749 1028 1808 arca,

97 1829 100 1838 ’
196 1814 317 1874 'lantum
338 1812 427 1874 babet
448 1823 478 1874 et
499 1814 581 1885 ddei;
604 1817 682 1875 iures
704 1813 775 1875 licet
798 1824 828 1876 et
847 1815 1065 1876 Samotbracum

195 1897 232 1959 Et
251 1907 416 1958 nostrorum
437 1916 521 1974 aras,
546 1907 733 1959 contemnere
755 1900 872 1960 fulmina
894 1917 1006 1978 pauper
1134 1912 1186 1964 145
1279 1945 1280 1948 κ

196 1980 332 2043 Creditur
349 1990 435 2059 atque
455 1981 546 2057 deos,
565 1983 609 2043 dis
631 1982 850 2060 ignoscentibus
872 1984 953 2062 ipsis.

196 2065 270 2140 Quid
291 2064 369 2144 quod
391 2067 540 2127 materiam
558 2067 681 2144 praebet
702 2085 864 2147 causasque
886 2069 1015 2128 iocorum

196 2148 333 2210 Omnibus
355 2149 403 2209 bic
423 2149 516 2225 idem,
538 2152 562 2209 si
581 2150 668 2210 foeda
693 2161 723 2212 et
745 2154 837 2212 scissa
860 2151 988 2226 lacerna,

195 2234 226 2293 Si
247 2241 317 2311 toga
338 2232 485 2293 sordidula
506 2243 552 2293 est
574 2243 603 2295 et
624 2244 709 2315 rupta
728 2235 846 2295 calceus
868 2233 943 2294 alter

193 2316 276 2377 Pelle
299 2324 395 2394 patet,
416 2316 464 2376 vel
488 2318 512 2376 si
534 2327 656 2380 consuto
679 2318 801 2378 vnlnere
823 2334 951 2376 crassum

194 2399 291 2478 litque
309 2417 417 2459 recens
439 2399 525 2460 linum
545 2402 672 2464 ostendit
693 2419 750 2460 non
772 2419 827 2461 una
849 2399 992 2460 cicatrix?
1032 2451 1035 2455 .

132 2511 133 2516 κ
193 2482 241 2543 Nil
260 2482 349 2543 habet
371 2483 474 2544 infelix
495 2495 654 2565 paupertas
675 2485 773 2544 durius
795 2486 823 2542 in
845 2503 889 2560 se,

194 2566 287 2641 Quam
310 2565 388 2646 quod
408 2568 548 2630 ridiculos
569 2570 700 2631 homines
722 2567 801 2628 iacit.
846 2567 958 2645 Exeat,
981 2570 1081 2648 inquit,

194 2650 225 2711 Si
246 2649 341 2730 pudor
363 2660 424 2729 est,
446 2661 474 2712 et
496 2653 532 2713 de
552 2652 669 2731 pulvino
692 2660 791 2728 surgat
812 2653 954 2730 equestri,

194 2731 283 2794 Cuius
304 2752 353 2794 res
375 2734 435 2813 legi
457 2753 515 2796 non
537 2734 661 2809 suidcit,
685 2744 715 2794 et
732 2735 854 2795 sedeant
873 2735 922 2794 bic
1130 2747 1182 2798 155

192 2816 340 2878 benenom
362 2821 445 2897 pueri
470 2835 653 2898 quocumque
672 2818 702 2876 in
724 2818 837 2878 iornice
856 2819 930 2886 nati;
1274 2807 1275 2820 ¹

192 2899 247 2960 llic
267 2902 385 2981 plaudat
406 2903 486 2963 nitidi
507 2901 662 2982 praeconis
683 2900 760 2960 iilius
779 2904 856 2963 iuter

192 2984 337 3064 l'innirapi
357 2986 450 3046 cultos
471 2987 593 3044 iuvenes
610 2985 791 3064 iuvenesque
813 2987 951 3046 lanistae:

70 3083 82 3095 ‘
193 3069 243 3128 Sic
259 3069 368 3129 libitum
384 3084 474 3144 vano,
495 3069 543 3145 qui
565 3084 619 3128 nos
640 3069 786 3145 distinxit,
808 3067 923 3130 Othoni.

194 3150 265 3225 Quis
286 3169 380 3228 gener
398 3151 446 3211 bic
468 3151 578 3228 placuit
601 3170 690 3213 censu
711 3155 805 3213 minor
821 3163 909 3234 atque
930 3153 1047 3233 puellae
1132 3165 1182 3220 tto

193 3234 351 3295 Sarcinulis
375 3230 486 3314 impar?
507 3237 571 3313 quis
592 3255 706 3316 pauper
726 3238 861 3298 scribitur
882 3234 992 3298 heresi

193 3316 315 3390 Quando
334 3318 363 3376 in
386 3317 507 3379 consilio
527 3328 573 3380 est
593 3318 758 3382 aedilibus?
779 3323 894 3400 agmine
915 3323 993 3382 iacto

192 3398 361 3460 Debuerant
380 3401 448 3461 olim
468 3410 571 3464 tenues
592 3407 735 3483 migrasse
757 3406 894 3481 Quirites.

193 3480 274 3542 llaud
294 3482 381 3545 iacile
406 3496 573 3566 emergunt,
597 3506 719 3569 quorum
736 3491 890 3553 virtutibus
914 3489 1011 3552 obstat
