2590 3946
218 238 258 300 96
530 246 564 293 n.
588 245 659 294 run.
679 243 867 294 ruvnnams

217 389 299 451 Unde
324 385 450 461 habeas,
473 383 586 463 quaerit
608 401 709 453 nemo,
733 383 786 443 sed
808 392 927 463 oportet
948 383 1074 446 haltere:

216 473 281 534 Hoc
303 477 461 532 monstrant
483 467 602 528 vetulae
624 469 724 546 pueris
747 466 917 546 repentibus
940 485 1036 547 amne,

215 557 280 618 Hoc
302 555 417 617 discunt
440 569 541 613 omnes
564 559 631 612 ante
655 550 741 630 alplra
765 559 795 610 et
815 551 884 612 laeta
906 551 1033 630 puellae.
1047 583 1090 600 ‹-

216 637 335 702 'l'alibus
357 639 510 699 instantem
529 636 645 696 monitis
670 651 882 714 quemcumque
904 646 1055 714 parentem
1152 650 1205 705 tto

216 725 267 785 Sic
289 739 408 802 possem
430 721 528 782 alieri:
553 718 624 795 Dic,
648 735 666 778 o
689 719 861 796 vanissim0,
888 721 952 798 quis
977 729 1008 782 te

215 808 368 870 Festinare
391 800 492 865 iubet?
515 801 666 863 meliorem
691 811 810 881 praesto
833 806 973 880 magistro

215 890 406 971 lliscipulum.
446 888 574 949 Securus
602 886 664 954 alti;
688 887 831 963 vinceris,
858 896 890 947 ut
908 887 985 947 Aiax

216 974 368 1037 Praeteriit
393 971 597 1048 Telamonem,
620 979 652 1031 ut
672 970 761 1033 Pelea
782 971 854 1032 vicit
873 969 1017 1032 Achilles.

214 1058 394 1121 Parcendum
416 1065 462 1118 est
483 1056 608 1117 teneris:
637 1053 761 1116 nondum
785 1054 946 1134 implevere
967 1056 1108 1119 medullas
1152 1067 1202 1124 tlt

215 1142 345 1205 llaturae
370 1141 446 1204 mala
470 1140 633 1220 nequitiaee
656 1147 702 1200 ast
724 1155 811 1219 quum
832 1147 956 1218 pectere
977 1139 1095 1204 barbam

216 1226 357 1306 coeperit
379 1234 408 1285 et
431 1224 512 1302 longi
532 1239 700 1284 mueronem
722 1223 875 1284 admittere
900 1223 994 1300 cultri,

215 1311 319 1372 Falsus
344 1310 400 1371 erit
421 1310 523 1383 testis,
548 1307 657 1368 vendet
678 1309 806 1386 periuria
828 1325 938 1370 summa

214 1394 329 1472 Exigua
352 1402 382 1454 et
404 1389 523 1454 Cereris
546 1398 670 1469 tangens
692 1407 829 1469 aramque
856 1391 1029 1472 pedemque.

215 1477 329 1538 Elatam
354 1478 409 1537 iam
436 1474 526 1536 crede
549 1491 669 1551 nurum,
693 1476 718 1535 sl
741 1475 837 1536 limina
859 1485 957 1538 vestra
1150 1490 1203 1544 nno

215 1559 366 1621 Mortifera
391 1577 455 1620 cum
479 1557 550 1618 dote
570 1557 661 1618 sultit:
686 1556 790 1637 quihus
816 1555 867 1620 illa
890 1570 1039 1639 premetur

215 1645 271 1705 Per
293 1660 422 1704 somnum
443 1640 554 1720 digitis!
577 1659 642 1704 nam
665 1659 740 1720 quae
761 1651 899 1724 terraque
921 1647 1049 1724 marique

214 1727 401 1807 Adquirenda
423 1734 522 1806 putas,
543 1724 674 1786 brevior*
688 1726 734 1787 vla
757 1726 892 1788 conterat
916 1728 968 1790 llli.

215 1811 319 1874 Nullus
346 1811 421 1872 enim
445 1809 541 1888 magui
562 1808 688 1870 sceleris
712 1809 805 1872 labor.
839 1810 921 1873 llaec
945 1829 1002 1892 ego
1025 1829 1178 1900 numquam

213 1894 364 1972 Mandaei,
390 1894 472 1955 dices
500 1893 585 1971 olim,
609 1911 666 1954 nec
690 1894 757 1956 talia
784 1896 878 1965 suasi;
1149 1907 1202 1963 aad

214 1979 320 2041 ilentis
345 1995 432 2040 causa
453 1977 547 2039 malae
570 1986 666 2040 tamen
690 1986 737 2038 est
758 1987 788 2038 et
809 1978 893 2057 origo
915 1995 1008 2058 peaes
1029 1990 1068 2042 te.

214 2064 287 2124 Nam
310 2062 439 2142 quisquis
464 2062 558 2140 magni
581 2079 687 2124 census
710 2063 865 2143 praecepit
886 2079 1023 2142 amonem,

214 2147 251 2208 tut
277 2148 363 2209 laevo
388 2147 497 2206 monitu
520 2162 630 2229 pueros
656 2146 791 2226 producit
814 2162 930 2223 avaros,

216 2230 266 2312 {lit
288 2233 336 2308 qni
353 2247 408 2310 per
431 2229 549 2292 mandes
571 2230 742 2310 patrimonia
766 2230 997 2315 conduplicare]

213 2314 271 2375 Dat
293 2313 460 2376 libertatem
480 2323 510 2376 et
530 2323 607 2376 totns
629 2314 748 2376 effundit
770 2313 900 2378 habenas
1149 2329 1202 2384 aaa

215 2396 385 2467 Curriculo;
412 2417 498 2477 quem
523 2401 548 2460 si
570 2416 714 2475 revoces,
744 2398 905 2460 subsistere
927 2402 1022 2462 nescit

213 2482 251 2542 Et
272 2491 302 2545 te
332 2491 499 2563 contempto
526 2483 636 2562 rapitur
659 2483 802 2561 metisque
825 2483 946 2545 relictis.

213 2564 306 2627 Nemo
333 2568 403 2628 satis
426 2568 519 2628 credit
542 2576 649 2628 tantum
671 2566 859 2647 delinquere,
884 2577 1019 2647 quarm

213 2650 381 2720 Permittas;
409 2651 484 2712 adeo
509 2650 660 2727 indulgent
682 2649 739 2710 sibi
764 2651 848 2712 latius
871 2652 936 2730 ipsi.

214 2733 308 2807 Quum
333 2734 407 2795 dieis
433 2735 531 2795 inveni
557 2734 693 2807 stultum,
720 2734 768 2810 qui
791 2735 880 2793 donet
903 2735 1006 2810 amico,
1149 2747 1201 2801 235

215 2817 271 2891 Qui
294 2827 493 2898 paupertatem
515 2817 595 2876 leret
616 2815 789 2894 attollatque
811 2819 976 2896 propinqui,

214 2899 251 2963 Et
274 2902 404 2980 spoliare
426 2900 517 2960 doces
539 2908 569 2959 et
594 2896 836 2959 circumscribere
863 2908 893 2960 at
917 2901 992 2960 omni
1079 2901 1082 2910 “

212 2981 339 3045 ilrimine
363 2984 476 3045 divitias
500 2979 671 3064 adquirere,
696 2999 816 3060 quarum
840 2999 921 3046 amor
942 2985 970 3045 in
992 2992 1022 3044 te

214 3067 343 3141 Quantus
372 3076 434 3128 erat
456 3068 568 3146 patriae
587 3065 746 3128 licciorum
767 3067 795 3127 in
817 3077 955 3147 pectore,
979 3078 1114 3152 quantum

212 3150 323 3212 Dilexit
346 3149 481 3227 Thebas,
504 3153 530 3212 si
553 3149 676 3214 Graecia
697 3169 785 3228 vera,
809 3149 1005 3222 llenoecens3
1148 3166 1201 3220 tto

214 3233 245 3294 ln
274 3252 395 3313 quorum
420 3236 507 3297 sulcis
534 3235 669 3316 legiones
695 3235 827 3298 dontibus
849 3239 950 3316 angnia

214 3316 286 3380 (ium
308 3319 412 3399 clipeis
434 3329 590 3382 nascuntur
615 3330 644 3381 et
667 3320 784 3382 horrida
805 3319 884 3382 bella
910 3329 1068 3402 capessunt

211 3396 374 3480 Continuo,
398 3412 543 3485 tamquam
568 3414 598 3465 et
618 3405 735 3467 tubicen
754 3407 915 3466 surrexerit
937 3423 1002 3468 una.

214 3485 293 3564 Ergo
319 3488 433 3568 ignem,
459 3489 540 3550 cuius
564 3489 707 3551 scintillas
735 3491 801 3568 ipse
821 3490 938 3568 dedisti,
