<?xml version="1.0" encoding="UTF-8"?>
<!DOCTYPE html PUBLIC "-//W3C//DTD XHTML 1.0 Transitional//EN"
    "http://www.w3.org/TR/xhtml1/DTD/xhtml1-transitional.dtd">
<html xmlns="http://www.w3.org/1999/xhtml" xml:lang="en" lang="en">
 <head>
  <title>
</title>
<meta http-equiv="Content-Type" content="text/html;charset=utf-8" />
  <meta name='ocr-system' content='tesseract 3.04.00' />
  <meta name='ocr-capabilities' content='ocr_page ocr_carea ocr_par ocr_line ocrx_word'/>
</head>
<body>
  <div class='ocr_page' id='page_1' title='image "./satirarumlibriq01juvegoog_0080.png"; bbox 0 0 2590 3946; ppageno 0'>
   <div class='ocr_carea' id='block_1_1' title="bbox 495 301 687 353">
    <p class='ocr_par' dir='ltr' id='par_1_1' title="bbox 495 301 687 353">
     <span class='ocr_line' id='line_1_1' title="bbox 495 301 687 353; baseline -0.021 -1"><span class='ocrx_word' id='word_1_1' title='bbox 495 303 620 353; x_wconf 71' lang='lat' dir='ltr'><strong>sauma</strong></span> <span class='ocrx_word' id='word_1_2' title='bbox 641 301 687 350; x_wconf 86' lang='lat' dir='ltr'><strong>Vl.</strong></span> 
     </span>
    </p>
   </div>
   <div class='ocr_carea' id='block_1_2' title="bbox 8 441 1084 3606">
    <p class='ocr_par' dir='ltr' id='par_1_2' title="bbox 9 441 1084 1438">
     <span class='ocr_line' id='line_1_2' title="bbox 9 441 911 523; baseline -0.002 -17"><span class='ocrx_word' id='word_1_3' title='bbox 9 477 10 480; x_wconf 33' lang='lat'>¹</span> <span class='ocrx_word' id='word_1_4' title='bbox 92 443 274 523; x_wconf 78' lang='lat' dir='ltr'>Praecipuus</span> <span class='ocrx_word' id='word_1_5' title='bbox 297 449 391 502; x_wconf 84' lang='lat' dir='ltr'><strong>tamen</strong></span> <span class='ocrx_word' id='word_1_6' title='bbox 416 449 461 502; x_wconf 88' lang='lat' dir='ltr'><strong>est</strong></span> <span class='ocrx_word' id='word_1_7' title='bbox 482 441 600 517; x_wconf 85' lang='lat' dir='ltr'><strong>borum,</strong></span> <span class='ocrx_word' id='word_1_8' title='bbox 624 445 672 520; x_wconf 80' lang='lat' dir='ltr'><strong>qui</strong></span> <span class='ocrx_word' id='word_1_9' title='bbox 693 443 811 520; x_wconf 87' lang='lat' dir='ltr'><strong>saepius</strong></span> <span class='ocrx_word' id='word_1_10' title='bbox 833 444 911 521; x_wconf 82' lang='lat' dir='ltr'><strong>exul,</strong></span> 
     </span>
     <span class='ocr_line' id='line_1_3' title="bbox 94 523 752 608; baseline -0.003 -20"><span class='ocrx_word' id='word_1_11' title='bbox 94 523 199 608; x_wconf 82' lang='lat' dir='ltr'><strong>{cuins</strong></span> <span class='ocrx_word' id='word_1_12' title='bbox 222 527 346 588; x_wconf 83' lang='lat' dir='ltr'><strong>amicitia</strong></span> <span class='ocrx_word' id='word_1_13' title='bbox 373 525 619 605; x_wconf 79' lang='lat' dir='ltr'>conducendaque</span> <span class='ocrx_word' id='word_1_14' title='bbox 643 525 752 586; x_wconf 85' lang='lat' dir='ltr'><strong>tabella</strong></span> 
     </span>
     <span class='ocr_line' id='line_1_4' title="bbox 93 605 790 688; baseline -0.009 -16"><span class='ocrx_word' id='word_1_15' title='bbox 93 609 217 688; x_wconf 78' lang='lat' dir='ltr'><strong>llagnus</strong></span> <span class='ocrx_word' id='word_1_16' title='bbox 239 611 310 670; x_wconf 76' lang='lat' dir='ltr'><strong>uiris</strong></span> <span class='ocrx_word' id='word_1_17' title='bbox 334 609 395 672; x_wconf 86' lang='lat' dir='ltr'><strong>obit</strong></span> <span class='ocrx_word' id='word_1_18' title='bbox 417 618 446 669; x_wconf 89' lang='lat' dir='ltr'><strong>et</strong></span> <span class='ocrx_word' id='word_1_19' title='bbox 467 609 636 670; x_wconf 87' lang='lat' dir='ltr'><strong>lormidatus</strong></span> <span class='ocrx_word' id='word_1_20' title='bbox 661 605 790 686; x_wconf 76' lang='lat' dir='ltr'><strong>Othoni]</strong></span> 
     </span>
     <span class='ocr_line' id='line_1_5' title="bbox 93 691 1084 769; baseline -0.006 -15"><span class='ocrx_word' id='word_1_21' title='bbox 93 693 165 754; x_wconf 87' lang='lat' dir='ltr'><strong>lnde</strong></span> <span class='ocrx_word' id='word_1_22' title='bbox 187 693 260 754; x_wconf 83' lang='lat' dir='ltr'><strong>fides</strong></span> <span class='ocrx_word' id='word_1_23' title='bbox 284 693 371 769; x_wconf 86' lang='lat' dir='ltr'><strong>artis,</strong></span> <span class='ocrx_word' id='word_1_24' title='bbox 396 695 492 753; x_wconf 74' lang='lat' dir='ltr'><strong>abnuit</strong></span> <span class='ocrx_word' id='word_1_25' title='bbox 515 696 539 754; x_wconf 88' lang='lat' dir='ltr'><strong>si</strong></span> <span class='ocrx_word' id='word_1_26' title='bbox 562 693 683 754; x_wconf 81' lang='lat' dir='ltr'><strong>dextera</strong></span> <span class='ocrx_word' id='word_1_27' title='bbox 706 691 786 752; x_wconf 87' lang='lat' dir='ltr'><strong>ierro</strong></span> <span class='ocrx_word' id='word_1_28' title='bbox 1032 705 1084 760; x_wconf 73' lang='lat'><strong>5⁶0</strong></span> 
     </span>
     <span class='ocr_line' id='line_1_6' title="bbox 93 775 937 855; baseline -0.002 -19"><span class='ocrx_word' id='word_1_29' title='bbox 93 777 266 855; x_wconf 75' lang='lat' dir='ltr'><strong>Laetaque,</strong></span> <span class='ocrx_word' id='word_1_30' title='bbox 288 777 314 836; x_wconf 93' lang='lat' dir='ltr'><strong>si</strong></span> <span class='ocrx_word' id='word_1_31' title='bbox 335 775 424 854; x_wconf 81' lang='lat' dir='ltr'><strong>longo</strong></span> <span class='ocrx_word' id='word_1_32' title='bbox 446 785 607 837; x_wconf 87' lang='lat' dir='ltr'><strong>castromm</strong></span> <span class='ocrx_word' id='word_1_33' title='bbox 629 778 657 836; x_wconf 94' lang='lat' dir='ltr'><strong>in</strong></span> <span class='ocrx_word' id='word_1_34' title='bbox 681 791 803 835; x_wconf 88' lang='lat' dir='ltr'><strong>oaroere</strong></span> <span class='ocrx_word' id='word_1_35' title='bbox 825 777 937 836; x_wconf 71' lang='lat' dir='ltr'><strong>mansit.</strong></span> 
     </span>
     <span class='ocr_line' id='line_1_7' title="bbox 93 855 925 937; baseline -0.002 -17"><span class='ocrx_word' id='word_1_36' title='bbox 93 858 187 920; x_wconf 89' lang='lat' dir='ltr'><strong>Nemo</strong></span> <span class='ocrx_word' id='word_1_37' title='bbox 211 858 429 920; x_wconf 81' lang='lat' dir='ltr'><strong>mathematicus</strong></span> <span class='ocrx_word' id='word_1_38' title='bbox 450 861 567 937; x_wconf 76' lang='lat' dir='ltr'><strong>genium</strong></span> <span class='ocrx_word' id='word_1_39' title='bbox 592 859 771 919; x_wconf 80' lang='lat' dir='ltr'><strong>indemnatus</strong></span> <span class='ocrx_word' id='word_1_40' title='bbox 788 855 925 918; x_wconf 91' lang='lat' dir='ltr'><strong>babebit:</strong></span> 
     </span>
     <span class='ocr_line' id='line_1_8' title="bbox 93 939 896 1023; baseline -0.002 -21"><span class='ocrx_word' id='word_1_41' title='bbox 93 943 154 1004; x_wconf 87' lang='lat' dir='ltr'><strong>Sed</strong></span> <span class='ocrx_word' id='word_1_42' title='bbox 175 945 225 1023; x_wconf 83' lang='lat' dir='ltr'><strong>qui</strong></span> <span class='ocrx_word' id='word_1_43' title='bbox 247 960 340 1021; x_wconf 89' lang='lat' dir='ltr'><strong>paene</strong></span> <span class='ocrx_word' id='word_1_44' title='bbox 364 945 458 1022; x_wconf 88' lang='lat' dir='ltr'><strong>perit,</strong></span> <span class='ocrx_word' id='word_1_45' title='bbox 480 944 526 1003; x_wconf 88' lang='lat' dir='ltr'><strong>oui</strong></span> <span class='ocrx_word' id='word_1_46' title='bbox 547 943 596 1002; x_wconf 81' lang='lat' dir='ltr'><strong>rin</strong></span> <span class='ocrx_word' id='word_1_47' title='bbox 617 943 646 1002; x_wconf 93' lang='lat' dir='ltr'><strong>ln</strong></span> <span class='ocrx_word' id='word_1_48' title='bbox 670 939 799 1018; x_wconf 72' lang='lat' dir='ltr'><strong>Cyclada</strong></span> <span class='ocrx_word' id='word_1_49' title='bbox 823 943 896 1001; x_wconf 89' lang='lat' dir='ltr'><strong>mitti</strong></span> 
     </span>
     <span class='ocr_line' id='line_1_9' title="bbox 14 1024 832 1104; baseline -0.001 -20"><span class='ocrx_word' id='word_1_50' title='bbox 14 1091 16 1096; x_wconf 54' lang='grc'>,</span> <span class='ocrx_word' id='word_1_51' title='bbox 92 1024 225 1104; x_wconf 77' lang='lat' dir='ltr'><strong>Contigit</strong></span> <span class='ocrx_word' id='word_1_52' title='bbox 246 1034 275 1086; x_wconf 86' lang='lat' dir='ltr'><strong>et</strong></span> <span class='ocrx_word' id='word_1_53' title='bbox 297 1043 386 1104; x_wconf 81' lang='lat' dir='ltr'><strong>parva</strong></span> <span class='ocrx_word' id='word_1_54' title='bbox 408 1025 522 1087; x_wconf 84' lang='lat' dir='ltr'><strong>tandem</strong></span> <span class='ocrx_word' id='word_1_55' title='bbox 544 1027 673 1086; x_wconf 85' lang='lat' dir='ltr'><strong>oaruisse</strong></span> <span class='ocrx_word' id='word_1_56' title='bbox 696 1025 832 1102; x_wconf 86' lang='lat' dir='ltr'><strong>Seripho,</strong></span> 
     </span>
     <span class='ocr_line' id='line_1_10' title="bbox 92 1108 1082 1184; baseline -0.004 -16"><span class='ocrx_word' id='word_1_57' title='bbox 92 1108 227 1170; x_wconf 77' lang='lat' dir='ltr'><strong>Consulit</strong></span> <span class='ocrx_word' id='word_1_58' title='bbox 249 1110 389 1170; x_wconf 76' lang='lat' dir='ltr'><strong>ictericae</strong></span> <span class='ocrx_word' id='word_1_59' title='bbox 410 1109 489 1169; x_wconf 88' lang='lat' dir='ltr'><strong>lento</strong></span> <span class='ocrx_word' id='word_1_60' title='bbox 512 1110 549 1169; x_wconf 91' lang='lat' dir='ltr'><strong>de</strong></span> <span class='ocrx_word' id='word_1_61' title='bbox 572 1108 675 1168; x_wconf 84' lang='lat' dir='ltr'><strong>iuuere</strong></span> <span class='ocrx_word' id='word_1_62' title='bbox 696 1109 806 1184; x_wconf 87' lang='lat' dir='ltr'><strong>matris,</strong></span> <span class='ocrx_word' id='word_1_63' title='bbox 1031 1115 1082 1173; x_wconf 74' lang='lat'><strong>565</strong></span> 
     </span>
     <span class='ocr_line' id='line_1_11' title="bbox 93 1189 946 1272; baseline -0.002 -21"><span class='ocrx_word' id='word_1_64' title='bbox 93 1192 169 1252; x_wconf 78' lang='lat' dir='ltr'><strong>Ante</strong></span> <span class='ocrx_word' id='word_1_65' title='bbox 191 1201 287 1252; x_wconf 89' lang='lat' dir='ltr'><strong>tamen</strong></span> <span class='ocrx_word' id='word_1_66' title='bbox 309 1193 347 1252; x_wconf 92' lang='lat' dir='ltr'><strong>de</strong></span> <span class='ocrx_word' id='word_1_67' title='bbox 368 1201 398 1252; x_wconf 87' lang='lat' dir='ltr'><strong>to</strong></span> <span class='ocrx_word' id='word_1_68' title='bbox 420 1189 561 1271; x_wconf 75' lang='lat' dir='ltr'><strong>Tanaquil</strong></span> <span class='ocrx_word' id='word_1_69' title='bbox 582 1201 648 1269; x_wconf 87' lang='lat' dir='ltr'><strong>tua,</strong></span> <span class='ocrx_word' id='word_1_70' title='bbox 673 1190 787 1272; x_wconf 86' lang='lat' dir='ltr'><strong>quando</strong></span> <span class='ocrx_word' id='word_1_71' title='bbox 813 1206 946 1250; x_wconf 87' lang='lat' dir='ltr'><strong>sororem</strong></span> 
     </span>
     <span class='ocr_line' id='line_1_12' title="bbox 93 1272 824 1354; baseline -0.001 -19"><span class='ocrx_word' id='word_1_72' title='bbox 93 1273 204 1336; x_wconf 73' lang='lat' dir='ltr'><strong>liberat</strong></span> <span class='ocrx_word' id='word_1_73' title='bbox 226 1285 257 1336; x_wconf 89' lang='lat' dir='ltr'><strong>et</strong></span> <span class='ocrx_word' id='word_1_74' title='bbox 281 1283 416 1354; x_wconf 79' lang='lat' dir='ltr'>patruos,</span> <span class='ocrx_word' id='word_1_75' title='bbox 439 1292 475 1335; x_wconf 91' lang='lat' dir='ltr'><strong>an</strong></span> <span class='ocrx_word' id='word_1_76' title='bbox 498 1277 534 1337; x_wconf 90' lang='lat' dir='ltr'><strong>sit</strong></span> <span class='ocrx_word' id='word_1_77' title='bbox 556 1277 685 1336; x_wconf 73' lang='lat' dir='ltr'><strong>moturus</strong></span> <span class='ocrx_word' id='word_1_78' title='bbox 709 1272 824 1336; x_wconf 84' lang='lat' dir='ltr'><strong>adulter</strong></span> 
     </span>
     <span class='ocr_line' id='line_1_13' title="bbox 92 1355 984 1438; baseline -0.003 -19"><span class='ocrx_word' id='word_1_79' title='bbox 92 1358 163 1420; x_wconf 89' lang='lat' dir='ltr'><strong>Post</strong></span> <span class='ocrx_word' id='word_1_80' title='bbox 183 1359 290 1437; x_wconf 88' lang='lat' dir='ltr'><strong>ipsam;</strong></span> <span class='ocrx_word' id='word_1_81' title='bbox 315 1359 383 1438; x_wconf 88' lang='lat' dir='ltr'><strong>quid</strong></span> <span class='ocrx_word' id='word_1_82' title='bbox 404 1361 478 1419; x_wconf 86' lang='lat' dir='ltr'><strong>enim</strong></span> <span class='ocrx_word' id='word_1_83' title='bbox 501 1362 591 1420; x_wconf 88' lang='lat' dir='ltr'><strong>maius</strong></span> <span class='ocrx_word' id='word_1_84' title='bbox 614 1361 684 1420; x_wconf 90' lang='lat' dir='ltr'><strong>dare</strong></span> <span class='ocrx_word' id='word_1_85' title='bbox 705 1357 819 1418; x_wconf 82' lang='lat' dir='ltr'><strong>numina</strong></span> <span class='ocrx_word' id='word_1_86' title='bbox 840 1355 984 1436; x_wconf 77' lang='lat' dir='ltr'><strong>possunt?</strong></span> 
     </span>
    </p>

    <p class='ocr_par' dir='ltr' id='par_1_3' title="bbox 8 1441 1082 3356">
     <span class='ocr_line' id='line_1_14' title="bbox 134 1441 932 1521; baseline -0.001 -20"><span class='ocrx_word' id='word_1_87' title='bbox 134 1441 215 1502; x_wconf 86' lang='lat' dir='ltr'><strong>liaeo</strong></span> <span class='ocrx_word' id='word_1_88' title='bbox 235 1451 331 1504; x_wconf 87' lang='lat' dir='ltr'><strong>tamen</strong></span> <span class='ocrx_word' id='word_1_89' title='bbox 353 1445 484 1520; x_wconf 81' lang='lat' dir='ltr'><strong>ignorat,</strong></span> <span class='ocrx_word' id='word_1_90' title='bbox 509 1443 577 1521; x_wconf 91' lang='lat' dir='ltr'><strong>quid</strong></span> <span class='ocrx_word' id='word_1_91' title='bbox 600 1444 682 1504; x_wconf 80' lang='lat' dir='ltr'><strong>sidus</strong></span> <span class='ocrx_word' id='word_1_92' title='bbox 701 1443 785 1502; x_wconf 84' lang='lat' dir='ltr'><strong>triste</strong></span> <span class='ocrx_word' id='word_1_93' title='bbox 808 1443 932 1501; x_wconf 84' lang='lat' dir='ltr'><strong>minetur</strong></span> 
     </span>
     <span class='ocr_line' id='line_1_15' title="bbox 91 1525 1082 1607; baseline 0.009 -24"><span class='ocrx_word' id='word_1_94' title='bbox 91 1525 224 1602; x_wconf 85' lang='lat' dir='ltr'><strong>Saturni,</strong></span> <span class='ocrx_word' id='word_1_95' title='bbox 248 1542 306 1604; x_wconf 84' lang='lat' dir='ltr'><strong>quo</strong></span> <span class='ocrx_word' id='word_1_96' title='bbox 329 1527 406 1587; x_wconf 94' lang='lat' dir='ltr'><strong>laeta</strong></span> <span class='ocrx_word' id='word_1_97' title='bbox 425 1526 526 1586; x_wconf 88' lang='lat' dir='ltr'><strong>Venus</strong></span> <span class='ocrx_word' id='word_1_98' title='bbox 549 1545 582 1586; x_wconf 91' lang='lat' dir='ltr'><strong>se</strong></span> <span class='ocrx_word' id='word_1_99' title='bbox 603 1527 736 1607; x_wconf 86' lang='lat' dir='ltr'><strong>proierat</strong></span> <span class='ocrx_word' id='word_1_100' title='bbox 757 1527 849 1602; x_wconf 81' lang='lat' dir='ltr'><strong>astlo,</strong></span> <span class='ocrx_word' id='word_1_101' title='bbox 1030 1534 1082 1592; x_wconf 82' lang='grc'><strong>570</strong></span> 
     </span>
     <span class='ocr_line' id='line_1_16' title="bbox 92 1606 926 1689; baseline 0.002 -23"><span class='ocrx_word' id='word_1_102' title='bbox 92 1606 148 1682; x_wconf 80' lang='lat' dir='ltr'><strong>Qui</strong></span> <span class='ocrx_word' id='word_1_103' title='bbox 170 1611 277 1669; x_wconf 87' lang='lat' dir='ltr'><strong>mensis</strong></span> <span class='ocrx_word' id='word_1_104' title='bbox 302 1611 426 1687; x_wconf 88' lang='lat' dir='ltr'><strong>damnis,</strong></span> <span class='ocrx_word' id='word_1_105' title='bbox 452 1628 526 1689; x_wconf 88' lang='lat' dir='ltr'><strong>quae</strong></span> <span class='ocrx_word' id='word_1_106' title='bbox 549 1611 654 1672; x_wconf 88' lang='lat' dir='ltr'><strong>dentur</strong></span> <span class='ocrx_word' id='word_1_107' title='bbox 672 1620 806 1689; x_wconf 88' lang='lat' dir='ltr'><strong>tempora</strong></span> <span class='ocrx_word' id='word_1_108' title='bbox 828 1609 926 1676; x_wconf 86' lang='lat' dir='ltr'><strong>luoro;</strong></span> 
     </span>
     <span class='ocr_line' id='line_1_17' title="bbox 90 1689 948 1770; baseline 0.006 -20"><span class='ocrx_word' id='word_1_109' title='bbox 90 1689 174 1751; x_wconf 89' lang='lat' dir='ltr'><strong>lilius</strong></span> <span class='ocrx_word' id='word_1_110' title='bbox 197 1709 338 1753; x_wconf 89' lang='lat' dir='ltr'><strong>oooursus</strong></span> <span class='ocrx_word' id='word_1_111' title='bbox 362 1695 447 1754; x_wconf 90' lang='lat' dir='ltr'><strong>etiam</strong></span> <span class='ocrx_word' id='word_1_112' title='bbox 469 1696 563 1755; x_wconf 85' lang='lat' dir='ltr'><strong>uitare</strong></span> <span class='ocrx_word' id='word_1_113' title='bbox 586 1703 742 1770; x_wconf 85' lang='lat' dir='ltr'><strong>memento,</strong></span> <span class='ocrx_word' id='word_1_114' title='bbox 947 1697 948 1700; x_wconf 73' lang='grc'>’</span> 
     </span>
     <span class='ocr_line' id='line_1_18' title="bbox 90 1773 847 1857; baseline 0 -24"><span class='ocrx_word' id='word_1_115' title='bbox 90 1773 125 1833; x_wconf 88' lang='lat' dir='ltr'><strong>ln</strong></span> <span class='ocrx_word' id='word_1_116' title='bbox 147 1777 229 1835; x_wconf 87' lang='lat' dir='ltr'><strong>euius</strong></span> <span class='ocrx_word' id='word_1_117' title='bbox 252 1776 380 1837; x_wconf 90' lang='lat' dir='ltr'><strong>manibus</strong></span> <span class='ocrx_word' id='word_1_118' title='bbox 403 1797 458 1838; x_wconf 87' lang='lat' dir='ltr'><strong>eeu</strong></span> <span class='ocrx_word' id='word_1_119' title='bbox 480 1779 599 1857; x_wconf 78' lang='lat' dir='ltr'><strong>pinguia</strong></span> <span class='ocrx_word' id='word_1_120' title='bbox 621 1781 740 1838; x_wconf 88' lang='lat' dir='ltr'><strong>suooina</strong></span> <span class='ocrx_word' id='word_1_121' title='bbox 761 1777 847 1836; x_wconf 88' lang='lat' dir='ltr'><strong>tritas</strong></span> 
     </span>
     <span class='ocr_line' id='line_1_19' title="bbox 91 1854 947 1938; baseline 0.002 -22"><span class='ocrx_word' id='word_1_122' title='bbox 91 1854 195 1918; x_wconf 77' lang='lat' dir='ltr'><strong>cernis</strong></span> <span class='ocrx_word' id='word_1_123' title='bbox 218 1857 437 1937; x_wconf 87' lang='lat' dir='ltr'><strong>ephemeridas,</strong></span> <span class='ocrx_word' id='word_1_124' title='bbox 462 1879 537 1938; x_wconf 87' lang='lat' dir='ltr'><strong>quae</strong></span> <span class='ocrx_word' id='word_1_125' title='bbox 560 1862 669 1921; x_wconf 87' lang='lat' dir='ltr'><strong>nullum</strong></span> <span class='ocrx_word' id='word_1_126' title='bbox 691 1859 817 1920; x_wconf 82' lang='lat' dir='ltr'><strong>consulit</strong></span> <span class='ocrx_word' id='word_1_127' title='bbox 841 1865 870 1917; x_wconf 90' lang='lat' dir='ltr'><strong>et</strong></span> <span class='ocrx_word' id='word_1_128' title='bbox 892 1861 947 1918; x_wconf 91' lang='lat' dir='ltr'><strong>iarn</strong></span> 
     </span>
     <span class='ocr_line' id='line_1_20' title="bbox 91 1938 1080 2022; baseline 0.001 -22"><span class='ocrx_word' id='word_1_129' title='bbox 91 1938 274 2020; x_wconf 83' lang='lat' dir='ltr'><strong>Consulitur,</strong></span> <span class='ocrx_word' id='word_1_130' title='bbox 302 1961 376 2022; x_wconf 91' lang='lat' dir='ltr'><strong>quae</strong></span> <span class='ocrx_word' id='word_1_131' title='bbox 399 1950 494 2004; x_wconf 79' lang='lat' dir='ltr'><strong>oastm</strong></span> <span class='ocrx_word' id='word_1_132' title='bbox 515 1946 580 2004; x_wconf 85' lang='lat' dir='ltr'><strong>viro</strong></span> <span class='ocrx_word' id='word_1_133' title='bbox 604 1944 783 2022; x_wconf 83' lang='lat' dir='ltr'><strong>patriamque</strong></span> <span class='ocrx_word' id='word_1_134' title='bbox 807 1947 926 2018; x_wconf 79' lang='lat' dir='ltr'><strong>petente</strong></span> <span class='ocrx_word' id='word_1_135' title='bbox 1028 1951 1080 2008; x_wconf 80' lang='lat'><strong>575</strong></span> 
     </span>
     <span class='ocr_line' id='line_1_21' title="bbox 89 2022 874 2106; baseline -0.004 -22"><span class='ocrx_word' id='word_1_136' title='bbox 89 2023 157 2085; x_wconf 87' lang='lat' dir='ltr'><strong>Non</strong></span> <span class='ocrx_word' id='word_1_137' title='bbox 178 2025 230 2086; x_wconf 86' lang='lat' dir='ltr'><strong>ibit</strong></span> <span class='ocrx_word' id='word_1_138' title='bbox 253 2029 379 2106; x_wconf 82' lang='lat' dir='ltr'><strong>pariter,</strong></span> <span class='ocrx_word' id='word_1_139' title='bbox 407 2028 534 2087; x_wconf 75' lang='lat' dir='ltr'><strong>nannetis</strong></span> <span class='ocrx_word' id='word_1_140' title='bbox 555 2035 696 2088; x_wconf 89' lang='lat' dir='ltr'><strong>revooata</strong></span> <span class='ocrx_word' id='word_1_141' title='bbox 718 2022 874 2098; x_wconf 70' lang='lat' dir='ltr'><strong>Thrasylli.</strong></span> 
     </span>
     <span class='ocr_line' id='line_1_22' title="bbox 89 2105 904 2189; baseline -0.001 -21"><span class='ocrx_word' id='word_1_142' title='bbox 89 2109 136 2168; x_wconf 80' lang='lat' dir='ltr'><strong>Ad</strong></span> <span class='ocrx_word' id='word_1_143' title='bbox 160 2112 280 2187; x_wconf 89' lang='lat' dir='ltr'><strong>primum</strong></span> <span class='ocrx_word' id='word_1_144' title='bbox 302 2110 429 2188; x_wconf 89' lang='lat' dir='ltr'><strong>lapidem</strong></span> <span class='ocrx_word' id='word_1_145' title='bbox 449 2112 562 2171; x_wconf 84' lang='lat' dir='ltr'><strong>reetari</strong></span> <span class='ocrx_word' id='word_1_146' title='bbox 584 2129 669 2189; x_wconf 90' lang='lat' dir='ltr'><strong>quum</strong></span> <span class='ocrx_word' id='word_1_147' title='bbox 690 2109 806 2188; x_wconf 77' lang='lat' dir='ltr'><strong>placet,</strong></span> <span class='ocrx_word' id='word_1_148' title='bbox 831 2105 904 2167; x_wconf 89' lang='lat' dir='ltr'><strong>bora</strong></span> 
     </span>
     <span class='ocr_line' id='line_1_23' title="bbox 88 2192 789 2273; baseline 0.001 -22"><span class='ocrx_word' id='word_1_149' title='bbox 88 2193 216 2252; x_wconf 90' lang='lat' dir='ltr'><strong>Sumitur</strong></span> <span class='ocrx_word' id='word_1_150' title='bbox 241 2212 279 2253; x_wconf 81' lang='lat' dir='ltr'><strong>ex</strong></span> <span class='ocrx_word' id='word_1_151' title='bbox 300 2192 392 2263; x_wconf 88' lang='lat' dir='ltr'><strong>libro;</strong></span> <span class='ocrx_word' id='word_1_152' title='bbox 415 2195 440 2253; x_wconf 94' lang='lat' dir='ltr'><strong>si</strong></span> <span class='ocrx_word' id='word_1_153' title='bbox 463 2195 555 2273; x_wconf 87' lang='lat' dir='ltr'><strong>prurit</strong></span> <span class='ocrx_word' id='word_1_154' title='bbox 574 2195 675 2255; x_wconf 86' lang='lat' dir='ltr'><strong>iriotus</strong></span> <span class='ocrx_word' id='word_1_155' title='bbox 699 2193 789 2253; x_wconf 93' lang='lat' dir='ltr'><strong>ooelli</strong></span> 
     </span>
     <span class='ocr_line' id='line_1_24' title="bbox 87 2275 792 2356; baseline 0 -22"><span class='ocrx_word' id='word_1_156' title='bbox 87 2275 238 2352; x_wconf 81' lang='lat' dir='ltr'><strong>Angulus‚</strong></span> <span class='ocrx_word' id='word_1_157' title='bbox 261 2277 393 2354; x_wconf 81' lang='lat' dir='ltr'><strong>inspecta</strong></span> <span class='ocrx_word' id='word_1_158' title='bbox 415 2279 519 2355; x_wconf 78' lang='lat' dir='ltr'><strong>genesi</strong></span> <span class='ocrx_word' id='word_1_159' title='bbox 541 2278 664 2353; x_wconf 73' lang='lat' dir='ltr'><strong>collyria</strong></span> <span class='ocrx_word' id='word_1_160' title='bbox 685 2278 792 2356; x_wconf 91' lang='lat' dir='ltr'><strong>posoit.</strong></span> 
     </span>
     <span class='ocr_line' id='line_1_25' title="bbox 88 2356 1081 2440; baseline 0.004 -22"><span class='ocrx_word' id='word_1_161' title='bbox 88 2359 189 2435; x_wconf 77' lang='lat' dir='ltr'><strong>Aegra</strong></span> <span class='ocrx_word' id='word_1_162' title='bbox 210 2359 280 2419; x_wconf 87' lang='lat' dir='ltr'><strong>lieet</strong></span> <span class='ocrx_word' id='word_1_163' title='bbox 302 2362 413 2439; x_wconf 84' lang='lat' dir='ltr'><strong>iaceat,</strong></span> <span class='ocrx_word' id='word_1_164' title='bbox 441 2363 585 2440; x_wconf 82' lang='lat' dir='ltr'><strong>capiendo</strong></span> <span class='ocrx_word' id='word_1_165' title='bbox 607 2356 684 2420; x_wconf 88' lang='lat' dir='ltr'><strong>nulia</strong></span> <span class='ocrx_word' id='word_1_166' title='bbox 705 2361 821 2419; x_wconf 80' lang='lat' dir='ltr'><strong>videtur</strong></span> <span class='ocrx_word' id='word_1_167' title='bbox 1029 2369 1081 2422; x_wconf 73' lang='lat' dir='ltr'><strong>tbi)</strong></span> 
     </span>
     <span class='ocr_line' id='line_1_26' title="bbox 88 2440 898 2522; baseline -0.005 -21"><span class='ocrx_word' id='word_1_168' title='bbox 88 2442 195 2519; x_wconf 77' lang='lat' dir='ltr'><strong>Aptior</strong></span> <span class='ocrx_word' id='word_1_169' title='bbox 218 2440 291 2503; x_wconf 88' lang='lat' dir='ltr'><strong>bora</strong></span> <span class='ocrx_word' id='word_1_170' title='bbox 316 2444 398 2520; x_wconf 80' lang='lat' dir='ltr'><strong>cibo,</strong></span> <span class='ocrx_word' id='word_1_171' title='bbox 422 2445 478 2504; x_wconf 84' lang='lat' dir='ltr'><strong>nisi</strong></span> <span class='ocrx_word' id='word_1_172' title='bbox 501 2461 585 2522; x_wconf 88' lang='lat' dir='ltr'><strong>quam</strong></span> <span class='ocrx_word' id='word_1_173' title='bbox 609 2444 723 2504; x_wconf 83' lang='lat' dir='ltr'><strong>dederit</strong></span> <span class='ocrx_word' id='word_1_174' title='bbox 748 2441 898 2502; x_wconf 85' lang='lat' dir='ltr'><strong>Petosiris.</strong></span> 
     </span>
     <span class='ocr_line' id='line_1_27' title="bbox 83 2525 859 2606; baseline -0.003 -21"><span class='ocrx_word' id='word_1_175' title='bbox 83 2525 120 2585; x_wconf 83' lang='lat' dir='ltr'><strong>Si</strong></span> <span class='ocrx_word' id='word_1_176' title='bbox 141 2525 299 2586; x_wconf 89' lang='lat' dir='ltr'><strong>mediocris</strong></span> <span class='ocrx_word' id='word_1_177' title='bbox 323 2527 394 2602; x_wconf 88' lang='lat' dir='ltr'><strong>erit,</strong></span> <span class='ocrx_word' id='word_1_178' title='bbox 418 2528 542 2606; x_wconf 82' lang='lat' dir='ltr'><strong>spatium</strong></span> <span class='ocrx_word' id='word_1_179' title='bbox 564 2525 696 2586; x_wconf 86' lang='lat' dir='ltr'><strong>lustrabit</strong></span> <span class='ocrx_word' id='word_1_180' title='bbox 717 2526 859 2603; x_wconf 87' lang='lat' dir='ltr'><strong>utrimque</strong></span> 
     </span>
     <span class='ocr_line' id='line_1_28' title="bbox 8 2606 912 2689; baseline -0.002 -21"><span class='ocrx_word' id='word_1_181' title='bbox 8 2631 10 2638; x_wconf 39' lang='lat'>⁸</span> <span class='ocrx_word' id='word_1_182' title='bbox 86 2606 229 2669; x_wconf 82' lang='lat' dir='ltr'><strong>illatarum</strong></span> <span class='ocrx_word' id='word_1_183' title='bbox 252 2617 282 2668; x_wconf 86' lang='lat' dir='ltr'><strong>et</strong></span> <span class='ocrx_word' id='word_1_184' title='bbox 307 2618 402 2669; x_wconf 86' lang='lat' dir='ltr'><strong>sortes</strong></span> <span class='ocrx_word' id='word_1_185' title='bbox 425 2609 513 2670; x_wconf 87' lang='lat' dir='ltr'><strong>duoet</strong></span> <span class='ocrx_word' id='word_1_186' title='bbox 535 2609 718 2689; x_wconf 80' lang='lat' dir='ltr'><strong>frontemque</strong></span> <span class='ocrx_word' id='word_1_187' title='bbox 740 2622 912 2688; x_wconf 87' lang='lat' dir='ltr'><strong>manumque</strong></span> 
     </span>
     <span class='ocr_line' id='line_1_29' title="bbox 86 2690 890 2772; baseline -0.001 -21"><span class='ocrx_word' id='word_1_188' title='bbox 86 2690 245 2752; x_wconf 85' lang='lat' dir='ltr'><strong>Praebebit</strong></span> <span class='ocrx_word' id='word_1_189' title='bbox 265 2694 324 2753; x_wconf 85' lang='lat' dir='ltr'><strong>uati</strong></span> <span class='ocrx_word' id='word_1_190' title='bbox 345 2692 480 2753; x_wconf 84' lang='lat' dir='ltr'><strong>crebrum</strong></span> <span class='ocrx_word' id='word_1_191' title='bbox 501 2709 666 2772; x_wconf 75' lang='lat' dir='ltr'><strong>poppysma</strong></span> <span class='ocrx_word' id='word_1_192' title='bbox 687 2693 812 2772; x_wconf 76' lang='lat' dir='ltr'><strong>roganti.</strong></span> <span class='ocrx_word' id='word_1_193' title='bbox 879 2691 890 2713; x_wconf 87' lang='lat'><strong><em>‘</em></strong></span> 
     </span>
     <span class='ocr_line' id='line_1_30' title="bbox 87 2773 1080 2854; baseline 0.005 -20"><span class='ocrx_word' id='word_1_194' title='bbox 87 2773 232 2835; x_wconf 85' lang='lat' dir='ltr'><strong>Divitibus</strong></span> <span class='ocrx_word' id='word_1_195' title='bbox 256 2793 400 2854; x_wconf 89' lang='lat' dir='ltr'><strong>responsa</strong></span> <span class='ocrx_word' id='word_1_196' title='bbox 424 2777 531 2838; x_wconf 90' lang='lat' dir='ltr'><strong>dabunt</strong></span> <span class='ocrx_word' id='word_1_197' title='bbox 552 2777 650 2854; x_wconf 75' lang='lat' dir='ltr'><strong>Phryx</strong></span> <span class='ocrx_word' id='word_1_198' title='bbox 672 2793 763 2854; x_wconf 72' lang='lat' dir='ltr'><strong>augur</strong></span> <span class='ocrx_word' id='word_1_199' title='bbox 785 2784 814 2836; x_wconf 88' lang='lat' dir='ltr'><strong>et</strong></span> <span class='ocrx_word' id='word_1_200' title='bbox 835 2773 934 2851; x_wconf 89' lang='lat' dir='ltr'><strong>Indus,</strong></span> <span class='ocrx_word' id='word_1_201' title='bbox 1028 2783 1080 2839; x_wconf 81' lang='lat'><strong>585</strong></span> 
     </span>
     <span class='ocr_line' id='line_1_31' title="bbox 88 2855 843 2940; baseline 0 -23"><span class='ocrx_word' id='word_1_202' title='bbox 88 2855 256 2919; x_wconf 86' lang='lat' dir='ltr'><strong>Gonduotus</strong></span> <span class='ocrx_word' id='word_1_203' title='bbox 281 2859 360 2920; x_wconf 91' lang='lat' dir='ltr'><strong>dabit</strong></span> <span class='ocrx_word' id='word_1_204' title='bbox 382 2869 524 2921; x_wconf 85' lang='lat' dir='ltr'><strong>astrorum</strong></span> <span class='ocrx_word' id='word_1_205' title='bbox 546 2861 700 2940; x_wconf 85' lang='lat' dir='ltr'><strong>mundique</strong></span> <span class='ocrx_word' id='word_1_206' title='bbox 721 2861 843 2940; x_wconf 87' lang='lat' dir='ltr'><strong>peritus,</strong></span> 
     </span>
     <span class='ocr_line' id='line_1_32' title="bbox 86 2939 938 3024; baseline -0.001 -25"><span class='ocrx_word' id='word_1_207' title='bbox 86 2940 185 3019; x_wconf 79' lang='lat' dir='ltr'><strong>Atque</strong></span> <span class='ocrx_word' id='word_1_208' title='bbox 209 2941 313 3022; x_wconf 80' lang='lat' dir='ltr'><strong>aliquis</strong></span> <span class='ocrx_word' id='word_1_209' title='bbox 335 2945 450 3020; x_wconf 87' lang='lat' dir='ltr'><strong>senior,</strong></span> <span class='ocrx_word' id='word_1_210' title='bbox 474 2947 524 3024; x_wconf 81' lang='lat' dir='ltr'><strong>qui</strong></span> <span class='ocrx_word' id='word_1_211' title='bbox 548 2944 665 3023; x_wconf 87' lang='lat' dir='ltr'><strong>publiea</strong></span> <span class='ocrx_word' id='word_1_212' title='bbox 688 2943 803 3020; x_wconf 72' lang='lat' dir='ltr'><strong>fulgura</strong></span> <span class='ocrx_word' id='word_1_213' title='bbox 824 2939 938 2999; x_wconf 80' lang='lat' dir='ltr'><strong>condit:</strong></span> 
     </span>
     <span class='ocr_line' id='line_1_33' title="bbox 86 3023 958 3106; baseline -0.001 -24"><span class='ocrx_word' id='word_1_214' title='bbox 86 3023 238 3085; x_wconf 88' lang='lat' dir='ltr'><strong>Plebeium</strong></span> <span class='ocrx_word' id='word_1_215' title='bbox 256 3027 285 3085; x_wconf 90' lang='lat' dir='ltr'><strong>in</strong></span> <span class='ocrx_word' id='word_1_216' title='bbox 308 3027 388 3086; x_wconf 86' lang='lat' dir='ltr'><strong>circo</strong></span> <span class='ocrx_word' id='word_1_217' title='bbox 411 3030 537 3106; x_wconf 84' lang='lat' dir='ltr'><strong>positam</strong></span> <span class='ocrx_word' id='word_1_218' title='bbox 558 3035 654 3088; x_wconf 89' lang='lat' dir='ltr'><strong>estet</strong></span> <span class='ocrx_word' id='word_1_219' title='bbox 675 3028 703 3085; x_wconf 95' lang='lat' dir='ltr'><strong>in</strong></span> <span class='ocrx_word' id='word_1_220' title='bbox 724 3039 836 3103; x_wconf 76' lang='lat' dir='ltr'><strong>aggere</strong></span> <span class='ocrx_word' id='word_1_221' title='bbox 859 3023 958 3083; x_wconf 87' lang='lat' dir='ltr'><strong>iatum.</strong></span> 
     </span>
     <span class='ocr_line' id='line_1_34' title="bbox 86 3105 890 3187; baseline 0 -21"><span class='ocrx_word' id='word_1_222' title='bbox 86 3105 171 3179; x_wconf 82' lang='lat' dir='ltr'><strong>Quae</strong></span> <span class='ocrx_word' id='word_1_223' title='bbox 192 3108 275 3169; x_wconf 89' lang='lat' dir='ltr'><strong>nudis</strong></span> <span class='ocrx_word' id='word_1_224' title='bbox 296 3109 414 3187; x_wconf 75' lang='lat' dir='ltr'><strong>longum</strong></span> <span class='ocrx_word' id='word_1_225' title='bbox 436 3111 563 3186; x_wconf 88' lang='lat' dir='ltr'><strong>ostendit</strong></span> <span class='ocrx_word' id='word_1_226' title='bbox 583 3109 749 3171; x_wconf 77' lang='lat' dir='ltr'><strong>cervicibus</strong></span> <span class='ocrx_word' id='word_1_227' title='bbox 772 3122 890 3183; x_wconf 83' lang='lat' dir='ltr'><strong>armum,</strong></span> 
     </span>
     <span class='ocr_line' id='line_1_35' title="bbox 86 3187 1081 3273; baseline 0.006 -25"><span class='ocrx_word' id='word_1_228' title='bbox 86 3187 222 3251; x_wconf 82' lang='lat' dir='ltr'><strong>Consulit</strong></span> <span class='ocrx_word' id='word_1_229' title='bbox 245 3201 311 3252; x_wconf 90' lang='lat' dir='ltr'><strong>ante</strong></span> <span class='ocrx_word' id='word_1_230' title='bbox 331 3193 404 3254; x_wconf 87' lang='lat' dir='ltr'><strong>ialas</strong></span> <span class='ocrx_word' id='word_1_231' title='bbox 428 3194 688 3273; x_wconf 88' lang='lat' dir='ltr'><strong>delphinorumque</strong></span> <span class='ocrx_word' id='word_1_232' title='bbox 710 3193 871 3267; x_wconf 90' lang='lat' dir='ltr'><strong>oolumnas,</strong></span> <span class='ocrx_word' id='word_1_233' title='bbox 1028 3200 1081 3254; x_wconf 81' lang='lat'><strong>590</strong></span> 
     </span>
     <span class='ocr_line' id='line_1_36' title="bbox 86 3272 811 3356; baseline 0.006 -25"><span class='ocrx_word' id='word_1_234' title='bbox 86 3272 133 3332; x_wconf 74' lang='lat' dir='ltr'><strong>An</strong></span> <span class='ocrx_word' id='word_1_235' title='bbox 156 3292 227 3352; x_wconf 78' lang='lat' dir='ltr'><strong>saga</strong></span> <span class='ocrx_word' id='word_1_236' title='bbox 249 3276 385 3337; x_wconf 86' lang='lat' dir='ltr'><strong>vendenti</strong></span> <span class='ocrx_word' id='word_1_237' title='bbox 408 3277 512 3354; x_wconf 79' lang='lat' dir='ltr'><strong>nubat,</strong></span> <span class='ocrx_word' id='word_1_238' title='bbox 536 3294 669 3356; x_wconf 89' lang='lat' dir='ltr'><strong>oaupoue</strong></span> <span class='ocrx_word' id='word_1_239' title='bbox 694 3276 811 3337; x_wconf 82' lang='lat' dir='ltr'><strong>relicto.</strong></span> 
     </span>
    </p>

    <p class='ocr_par' dir='ltr' id='par_1_4' title="bbox 84 3356 987 3606">
     <span class='ocr_line' id='line_1_37' title="bbox 129 3356 987 3439; baseline 0.001 -23"><span class='ocrx_word' id='word_1_240' title='bbox 129 3356 192 3418; x_wconf 84' lang='lat' dir='ltr'><strong>liae</strong></span> <span class='ocrx_word' id='word_1_241' title='bbox 214 3368 310 3419; x_wconf 88' lang='lat' dir='ltr'><strong>tamen</strong></span> <span class='ocrx_word' id='word_1_242' title='bbox 332 3369 362 3419; x_wconf 89' lang='lat' dir='ltr'><strong>et</strong></span> <span class='ocrx_word' id='word_1_243' title='bbox 384 3369 484 3439; x_wconf 83' lang='lat' dir='ltr'><strong>partus</strong></span> <span class='ocrx_word' id='word_1_244' title='bbox 507 3360 632 3420; x_wconf 87' lang='lat' dir='ltr'><strong>subeunt</strong></span> <span class='ocrx_word' id='word_1_245' title='bbox 656 3360 813 3422; x_wconf 74' lang='lat' dir='ltr'><strong>discrimen</strong></span> <span class='ocrx_word' id='word_1_246' title='bbox 835 3367 864 3419; x_wconf 88' lang='lat' dir='ltr'><strong>et</strong></span> <span class='ocrx_word' id='word_1_247' title='bbox 886 3373 987 3419; x_wconf 86' lang='lat' dir='ltr'><strong>omnes</strong></span> 
     </span>
     <span class='ocr_line' id='line_1_38' title="bbox 86 3438 799 3522; baseline 0.014 -24"><span class='ocrx_word' id='word_1_248' title='bbox 86 3438 217 3500; x_wconf 76' lang='lat' dir='ltr'><strong>Nutricis</strong></span> <span class='ocrx_word' id='word_1_249' title='bbox 240 3441 365 3502; x_wconf 88' lang='lat' dir='ltr'><strong>tolerant</strong></span> <span class='ocrx_word' id='word_1_250' title='bbox 385 3442 499 3504; x_wconf 79' lang='lat' dir='ltr'><strong>fortuna</strong></span> <span class='ocrx_word' id='word_1_251' title='bbox 521 3452 644 3522; x_wconf 81' lang='lat' dir='ltr'><strong>urgente</strong></span> <span class='ocrx_word' id='word_1_252' title='bbox 666 3443 799 3508; x_wconf 86' lang='lat' dir='ltr'><strong>labores:</strong></span> 
     </span>
     <span class='ocr_line' id='line_1_39' title="bbox 84 3523 805 3606; baseline -0.003 -22"><span class='ocrx_word' id='word_1_253' title='bbox 84 3523 148 3584; x_wconf 84' lang='lat' dir='ltr'><strong>Sed</strong></span> <span class='ocrx_word' id='word_1_254' title='bbox 170 3523 246 3585; x_wconf 89' lang='lat' dir='ltr'><strong>iaoet</strong></span> <span class='ocrx_word' id='word_1_255' title='bbox 267 3531 368 3586; x_wconf 84' lang='lat' dir='ltr'><strong>aurato</strong></span> <span class='ocrx_word' id='word_1_256' title='bbox 393 3527 442 3586; x_wconf 86' lang='lat' dir='ltr'>le</span> <span class='ocrx_word' id='word_1_257' title='bbox 464 3527 522 3587; x_wconf 89' lang='lat' dir='ltr'><strong>ulla</strong></span> <span class='ocrx_word' id='word_1_258' title='bbox 544 3543 692 3606; x_wconf 86' lang='lat' dir='ltr'><strong>puerpera</strong></span> <span class='ocrx_word' id='word_1_259' title='bbox 714 3525 805 3586; x_wconf 90' lang='lat' dir='ltr'><strong>leoto.</strong></span> 
     </span>
    </p>
   </div>
   <div class='ocr_carea' id='block_1_3' title="bbox 0 0 1300 3946">
    <p class='ocr_par' dir='ltr' id='par_1_5' title="bbox 0 0 1300 3946">
     <span class='ocr_line' id='line_1_40' title="bbox 0 0 1300 3946; baseline 0 2"><span class='ocrx_word' id='word_1_260' title='bbox 0 0 1300 3946; x_wconf 95' lang='lat' dir='ltr'><strong> </strong></span> 
     </span>
    </p>
   </div>
  </div>
 </body>
</html>
