2582 3950
202 257 243 322 bd
533 271 558 318 o
585 271 657 320 rura.
675 271 861 320 mvuuuurs

202 410 311 486 Quales
335 418 402 469 tuno
423 410 525 490 epulas
545 411 639 490 ipsum
660 411 796 489 gluttisse
818 419 950 488 putamus

202 492 457 573 lnduperatorem,
481 511 568 572 qaum
593 503 636 554 tot
657 497 809 569 sestertia,
832 501 945 570 partem

202 577 344 655 Exiguam
368 586 397 637 et
417 577 549 638 modioae
573 585 713 657 sumptam
736 576 772 636 de
795 578 924 653 margine
947 593 1069 654 ooeuae,
1156 588 1195 642 30

202 661 367 740 Purpureus
390 663 485 740 magui
508 663 628 722 ruotarit
651 677 751 720 seurra
773 657 874 735 Palati,

201 743 261 805 Iam
283 745 421 824 prinoeps
444 746 588 824 equitum,
612 760 715 822 magna
737 744 786 822 qui
807 759 885 802 vooe
907 743 1024 804 solebat

201 827 340 890 Vendere
362 829 521 906 municipes
543 827 636 888 iraota
659 829 816 888 demeres
838 824 968 888 siluros?

202 912 320 992 Incipe,
343 911 493 991 Calliope,
515 910 586 970 lioet
608 919 638 970 et
662 911 914 972 consideremus
939 920 984 971 est

204 993 397 1071 Cantaudum,
419 1013 468 1054 res
491 1011 561 1054 vera
584 996 693 1072 agitur;
716 1002 848 1069 narrate,
871 994 989 1073 puellae
1158 1004 1194 1058 35

202 1079 350 1148 Pierides;
374 1079 467 1155 prosit
490 1076 557 1137 mibi
578 1095 632 1138 vos
653 1078 763 1138 dixisse
788 1077 919 1156 puellas!

246 1162 340 1237 Quum
361 1162 417 1220 iam
441 1161 636 1222 semianimum
658 1161 804 1223 laceraret
825 1159 943 1222 Flavius
964 1161 1065 1222 orbem

203 1247 342 1321 Ultimus,
366 1253 396 1303 et
418 1245 503 1305 ealvo
528 1246 654 1306 serviret
675 1244 768 1306 Roma
789 1244 910 1321 Neroni,

203 1330 305 1389 luoidit
329 1327 447 1388 Adriani
471 1329 593 1407 spatium
616 1327 784 1389 admirabile
806 1328 919 1389 rhombi

205 1413 280 1472 Ante
303 1410 417 1472 domum
440 1411 581 1488 Veneris,
608 1430 692 1491 quam
713 1412 822 1473 Doriea
845 1413 967 1472 sustinet
988 1412 1102 1488 Ancon,
1158 1421 1194 1476 to

205 1494 397 1574 Inpleritque
422 1497 515 1564 sinus;
542 1513 598 1555 neo
620 1497 695 1555 enim
716 1498 810 1556 minor
831 1496 967 1556 haeserat
988 1496 1058 1573 illis,

206 1579 286 1653 Quos
310 1581 406 1659 operit
426 1579 539 1657 glacies
562 1577 708 1640 Maeotida
729 1588 874 1659 ruptaque
893 1579 1009 1640 taudem

205 1660 324 1722 Solibus
348 1662 468 1724 eliuudit
491 1664 627 1723 torrentis
649 1663 685 1723 ad
709 1665 784 1724 ostia
806 1663 901 1738 Ponti,

205 1745 325 1808 Desidia
347 1745 446 1806 tardos
469 1755 498 1806 et
524 1746 614 1824 longo
637 1747 748 1824 frigore
770 1748 905 1824 pingues.

204 1829 338 1890 Destinat
358 1830 416 1890 boo
439 1839 597 1890 monstrum
619 1828 739 1905 cymbae
760 1831 869 1909 linique
890 1831 1028 1908 magister
1160 1841 1195 1894 45

203 1913 337 1973 Pontifici
360 1930 479 1972 summo.
526 1914 598 1988 Quis
623 1915 697 1974 enirn
717 1930 886 1994 proponere
909 1913 998 1975 talem

206 1997 265 2057 Aut
286 2014 384 2057 emere
406 1998 543 2072 auderet,
568 2016 655 2078 mum
677 1998 764 2076 plena
784 2007 812 2057 et
833 1998 920 2058 litora
942 1998 1032 2059 multo

205 2080 347 2141 Delatore
369 2080 488 2161 iurent?
516 2081 641 2161 dispersi
663 2082 793 2160 protinus
816 2081 903 2159 algae

204 2165 396 2243 inquisitores
408 2174 531 2242 agerent
555 2183 619 2226 eum
643 2166 755 2242 remige
777 2165 866 2241 nudo,

205 2246 271 2307 Non
292 2247 447 2308 dubitaturi
471 2249 623 2326 fugitivum
643 2247 743 2309 dioere
770 2250 881 2328 pisoem

205 2331 424 2412 Depastumque
447 2332 494 2393 diu
514 2334 624 2393 vivaria
647 2328 782 2392 Caesaris
805 2332 873 2393 inde

205 2414 346 2494 Elapsum
367 2425 498 2477 veterem
521 2417 558 2477 ad
579 2415 723 2477 dominum
743 2415 854 2478 debere
876 2416 994 2476 reverti.

206 2499 238 2558 Si
261 2501 329 2577 quid
349 2500 495 2578 Palfurio,
519 2503 544 2560 si
566 2500 708 2561 oredimus
731 2498 897 2571 Armillato,

207 2581 352 2662 Quidquid
372 2586 561 2662 conspicuum
583 2584 794 2663 pulchrumque
810 2592 856 2644 est
878 2599 1008 2662 aequore
1030 2590 1104 2655 toto,

207 2664 268 2726 Res
291 2667 354 2726 lisoi
377 2675 437 2741 est,
461 2667 635 2744 ubioumque
657 2676 753 2726 natat:
775 2666 928 2726 donabitur
952 2681 1035 2742 ergo,
1164 2676 1199 2728 55

206 2748 252 2810 Ne
273 2758 387 2829 pereat.
432 2749 493 2808 lam
515 2749 632 2809 letifero
656 2748 779 2808 cedente
804 2749 914 2827 pruinis

207 2833 368 2909 Autumno,
390 2834 446 2893 iam
471 2841 638 2911 quartanam
660 2831 844 2908 sperantibus
868 2831 977 2908 aegris,

208 2916 357 2977 Stridebat
381 2915 520 2976 deformis
543 2915 634 2976 biems
657 2913 853 2993 praedamque
877 2923 1027 2974 recentem

207 2999 365 3060 Servabat:
390 3009 486 3060 tamen
508 2998 556 3060 bie
578 3007 735 3078 properat,
757 2998 838 3059 velut
859 3008 964 3077 urgeat
989 3005 1096 3058 auster.

206 3082 304 3162 thue
332 3083 412 3142 laous
435 3083 586 3159 suberant,
610 3080 658 3141 ubi
681 3099 851 3162 quamquam
874 3083 966 3143 diruta
989 3091 1087 3140 servat
1164 3092 1200 3146 60

207 3166 308 3246 Ignem
330 3165 484 3228 Troianum
508 3177 537 3227 et
558 3166 677 3227 Vestam
701 3166 771 3226 nolit
795 3167 873 3228 Alba
895 3167 1045 3240 minorem,

210 3248 327 3310 Obstitit
348 3251 463 3312 intranti
484 3252 613 3312 miratrix
635 3249 718 3311 turba
741 3267 912 3331 parumper;

210 3331 247 3394 Ut
272 3336 377 3411 oessit,
402 3335 483 3397 iaoili
504 3343 659 3414 patuerunt
681 3335 799 3396 cardine
820 3335 942 3404 ualvae;

211 3418 331 3479 lixolusi
353 3429 487 3498 spectant
509 3419 633 3481 admissa
656 3419 779 3480 obsonia
802 3429 910 3499 patres.

210 3503 269 3563 ltnr
291 3502 327 3563 ad
348 3501 493 3580 Atriden3
516 3514 574 3566 tum
597 3504 717 3565 l'ioens:
743 3503 873 3586 Aoeipe,
897 3502 979 3582 dixit,
1164 3511 1198 3565 65
