2582 3950
191 227 232 290 24
514 243 550 288 n.
572 241 644 288 run.
668 239 855 288 mvuunnrs

191 383 265 443 Tota
287 380 438 441 salutatrix
460 380 514 440 iam
537 379 620 442 turba
641 383 792 459 peregerit
815 377 915 439 orbem

191 463 341 526 Sideribus
364 463 456 524 dubiis
481 473 529 523 aut
551 464 602 525 illo
625 472 774 543 tempore,
799 477 856 540 quo
879 478 912 519 se

191 545 307 626 hirigida
329 548 529 625 circumagunt
550 549 626 625 pigri
650 564 769 610 serraca
790 544 913 604 Bootae.

191 631 292 706 Qualis
316 646 408 690 coena
430 628 547 690 tameo?
563 633 675 706 vinum,
703 629 781 709 quod
804 627 922 688 succida
944 627 1016 688 nolit

189 714 267 775 Lana
286 715 361 792 pati;
384 713 421 774 de
442 715 565 775 conviva
583 711 748 788 Corybanta
770 709 894 772 videbis.

189 799 287 876 Iurgia
307 796 477 877 proluduut;
501 796 554 856 sed
575 812 643 855 mox
667 804 696 855 et
718 794 826 875 pocula
847 802 968 872 torques

191 883 313 942 Saucius
339 889 368 940 et
388 880 475 940 rubra
495 880 632 956 deterges
654 879 776 940 vulnera
796 895 912 956 mappa,

189 966 268 1026 luter
289 982 343 1024 vos
366 963 481 1042 quoties
502 961 729 1041 libertorumque
753 959 904 1022 cohortem

190 1049 287 1126 Pugna
310 1047 467 1123 Saguntina
488 1044 585 1105 fervet
606 1048 760 1107 commissa
782 1045 897 1122 lagona.

189 1133 258 1212 Ipse
281 1129 418 1209 capillato
442 1128 575 1189 diffusum
596 1129 718 1190 consule
740 1137 823 1208 potat

191 1213 397 1291 Calcatamque
421 1220 501 1272 tenet
522 1212 609 1273 bellis
632 1212 790 1273 socialibus
812 1229 907 1288 uvam,

190 1297 332 1358 Cardiaco
354 1313 507 1374 numquam
529 1296 663 1372 cyathum
685 1297 825 1356 missurus
847 1297 956 1364 amico;

190 1379 263 1441 Cras
285 1378 366 1438 bibet
387 1377 508 1439 Albanis
530 1380 637 1458 aliquid
661 1379 697 1439 de
719 1377 863 1441 montibus
888 1388 936 1440 aut
958 1380 994 1439 de

189 1463 315 1540 Setinis,
339 1462 419 1522 cuius
442 1465 562 1541 patriam
583 1463 753 1543 titulumque
775 1471 912 1522 senectus

188 1547 306 1607 Delerit
326 1544 415 1606 multa
436 1549 546 1606 veteris
569 1546 690 1624 iuligine
713 1554 818 1623 testae,

189 1630 282 1705 Quale
307 1629 437 1690 coronati
459 1627 588 1691 Thrasea
610 1630 820 1708 Helvidiusque
842 1627 979 1689 bibebant

187 1712 339 1773 brutorum
361 1722 390 1773 et
412 1708 497 1774 (lassi
518 1713 670 1775 natalibus.
715 1712 783 1794 lpse
807 1730 932 1791 capaces

187 1794 337 1858 lleliadum
360 1805 472 1856 crustas
494 1807 524 1858 et
543 1798 712 1878 inaequales
735 1797 851 1873 beryllo

186 1881 273 1940 Virro
294 1888 375 1940 tenet
395 1880 523 1959 phialas:
548 1880 599 1941 tibi
620 1898 679 1941 uon
702 1881 886 1942 committitur
908 1897 1021 1948 aumm3

186 1964 259 2040 Vel,
282 1965 308 2024 si
333 1963 447 2043 quando
468 1962 566 2042 datur,
591 1973 690 2025 custos
711 1966 815 2026 allinus
834 1962 951 2037 ibidem,

187 2047 243 2122 Qui
262 2056 394 2108 numeret
415 2065 562 2125 gemmas,
586 2067 704 2128 ungues
723 2049 862 2108 observet
882 2055 994 2106 acutos.

184 2130 230 2191 Da
251 2132 382 2194 veniam:
406 2131 559 2210 praeclara
581 2131 623 2192 illi
644 2132 777 2192 laudatur
798 2132 899 2211 iaspis.

167 2213 257 2274 .Nam
281 2213 387 2290 Virro,
409 2223 440 2274 ut
461 2215 558 2291 multi,
581 2233 710 2292 gemmas
731 2216 767 2276 ad
788 2215 896 2294 pocula
916 2213 1054 2275 transfert

185 2297 213 2357 A
234 2298 347 2375 digitis,
371 2315 443 2376 quas
466 2300 495 2358 in
515 2300 637 2376 vaginae
661 2298 757 2359 ironte
780 2297 896 2359 solebat

184 2380 298 2441 Ponere
320 2381 460 2460 zelotypo
483 2383 594 2443 iuvenis
619 2383 766 2460 praelatus
785 2380 906 2445 Iarbae:

185 2463 228 2523 'l'u
250 2463 447 2525 beneventani
469 2467 575 2526 sutoris
597 2482 703 2526 nomen
723 2463 878 2527 habeatem

185 2547 317 2608 siccabis
342 2547 463 2610 calicem
484 2566 619 2610 uasorum
643 2559 777 2630 quattum
801 2568 836 2612 ac
860 2551 916 2610 iam

185 2630 359 2705 Quassatum
382 2641 411 2692 et
432 2641 518 2711 rupto
542 2642 713 2711 poscentem
737 2632 848 2694 sulfura
869 2635 954 2692 vitro.
991 2687 995 2690 ,

184 2715 216 2775 st
239 2716 404 2777 stomachus
426 2715 533 2776 domini
554 2714 650 2775 fervet
671 2717 798 2793 vinoque
822 2714 958 2791 ciboque,

183 2797 328 2875 Frigidior
350 2797 458 2860 Geticis
482 2799 590 2878 petitur
612 2797 734 2858 decocta
757 2799 883 2875 pruinis:

183 2880 249 2942 Non
269 2881 370 2944 eadem
392 2881 476 2942 vobis
498 2883 568 2960 poni
589 2880 675 2939 modo
697 2883 762 2941 rina
774 2874 940 2959 querebar?

184 2965 245 3026 Vos
270 2966 354 3026 aliam
372 2967 479 3043 potatis
505 2982 617 3044 aquam.
661 2960 726 3024 'libi
748 2963 856 3043 poeula
875 2978 979 3023 cursor

184 3047 321 3110 Gaetulus
345 3047 423 3109 dabit
446 3057 493 3108 aut
514 3049 589 3125 nigri
611 3063 711 3107 manus
733 3063 821 3108 ossea
842 3045 945 3121 Mauri,

183 3131 221 3193 Et
244 3133 290 3192 cui
312 3150 367 3211 per
387 3132 511 3191 mediam
533 3130 609 3191 nolis
632 3147 790 3192 occurrere
810 3141 938 3206 noctem,

184 3214 321 3275 Glivosae
343 3214 461 3274 veheris
482 3214 548 3275 dum
570 3231 625 3294 per
645 3224 827 3276 monumenta
849 3212 982 3275 Latinae:

182 3295 253 3360 illos
276 3297 367 3358 llslae
390 3307 454 3358 ante
474 3299 583 3377 ipsum,
605 3301 700 3378 pretio
723 3301 832 3360 maiore
855 3307 985 3378 paratus,

183 3379 275 3456 Quam
296 3381 349 3441 luit
370 3391 401 3442 et
423 3381 499 3444 'lulli
525 3401 631 3445 census
652 3385 794 3463 pugnacis
817 3391 847 3443 et
867 3382 942 3442 Anci

182 3459 234 3542 lut,
258 3484 295 3526 ue
317 3474 347 3526 te
372 3474 502 3545 teneam,
524 3465 718 3529 Romanorum
740 3468 835 3528 omnia
856 3484 957 3546 regum
