<?xml version="1.0" encoding="UTF-8"?>
<!DOCTYPE html PUBLIC "-//W3C//DTD XHTML 1.0 Transitional//EN"
    "http://www.w3.org/TR/xhtml1/DTD/xhtml1-transitional.dtd">
<html xmlns="http://www.w3.org/1999/xhtml" xml:lang="en" lang="en">
 <head>
  <title>
</title>
<meta http-equiv="Content-Type" content="text/html;charset=utf-8" />
  <meta name='ocr-system' content='tesseract 3.04.00' />
  <meta name='ocr-capabilities' content='ocr_page ocr_carea ocr_par ocr_line ocrx_word'/>
</head>
<body>
  <div class='ocr_page' id='page_1' title='image "./satirarumlibriq01juvegoog_0056.png"; bbox 0 0 2582 3950; ppageno 0'>
   <div class='ocr_carea' id='block_1_1' title="bbox 488 251 682 303">
    <p class='ocr_par' dir='ltr' id='par_1_1' title="bbox 488 251 682 303">
     <span class='ocr_line' id='line_1_1' title="bbox 488 251 682 303; baseline 0.01 -4"><span class='ocrx_word' id='word_1_1' title='bbox 488 251 614 303; x_wconf 71' lang='lat' dir='ltr'><strong>stultis</strong></span> <span class='ocrx_word' id='word_1_2' title='bbox 635 253 682 301; x_wconf 85' lang='lat' dir='ltr'><strong>IV.</strong></span> 
     </span>
    </p>
   </div>
   <div class='ocr_carea' id='block_1_2' title="bbox 89 386 1079 887">
    <p class='ocr_par' dir='ltr' id='par_1_2' title="bbox 89 386 814 471">
     <span class='ocr_line' id='line_1_2' title="bbox 89 386 814 471; baseline 0.006 -24"><span class='ocrx_word' id='word_1_3' title='bbox 89 386 161 447; x_wconf 89' lang='lat' dir='ltr'><strong>Nam</strong></span> <span class='ocrx_word' id='word_1_4' title='bbox 183 388 250 448; x_wconf 87' lang='lat' dir='ltr'><strong>milri</strong></span> <span class='ocrx_word' id='word_1_5' title='bbox 275 399 417 450; x_wconf 87' lang='lat' dir='ltr'><strong>commota</strong></span> <span class='ocrx_word' id='word_1_6' title='bbox 438 390 599 452; x_wconf 88' lang='lat' dir='ltr'><strong>iamdudum</strong></span> <span class='ocrx_word' id='word_1_7' title='bbox 622 391 710 452; x_wconf 77' lang='lat' dir='ltr'><strong>naalia</strong></span> <span class='ocrx_word' id='word_1_8' title='bbox 731 394 814 471; x_wconf 74' lang='lat' dir='ltr'><strong>virga</strong></span> 
     </span>
    </p>

    <p class='ocr_par' dir='ltr' id='par_1_3' title="bbox 90 471 903 556">
     <span class='ocr_line' id='line_1_3' title="bbox 90 471 903 556; baseline 0.012 -28"><span class='ocrx_word' id='word_1_9' title='bbox 90 471 210 531; x_wconf 78' lang='lat' dir='ltr'><strong>Annuit:</strong></span> <span class='ocrx_word' id='word_1_10' title='bbox 237 489 311 551; x_wconf 72' lang='lat' dir='ltr'><strong>ergo</strong></span> <span class='ocrx_word' id='word_1_11' title='bbox 333 473 401 534; x_wconf 81' lang='lat' dir='ltr'><strong>saia</strong></span> <span class='ocrx_word' id='word_1_12' title='bbox 422 476 515 534; x_wconf 78' lang='lat' dir='ltr'><strong>nostri</strong></span> <span class='ocrx_word' id='word_1_13' title='bbox 534 491 661 550; x_wconf 86' lang='lat' dir='ltr'><strong>memor,</strong></span> <span class='ocrx_word' id='word_1_14' title='bbox 683 483 714 536; x_wconf 88' lang='lat' dir='ltr'><strong>et</strong></span> <span class='ocrx_word' id='word_1_15' title='bbox 733 479 849 556; x_wconf 79' lang='lat' dir='ltr'><strong>quoties</strong></span> <span class='ocrx_word' id='word_1_16' title='bbox 873 487 903 538; x_wconf 86' lang='lat' dir='ltr'><strong>te</strong></span> 
     </span>
    </p>

    <p class='ocr_par' dir='ltr' id='par_1_4' title="bbox 89 552 862 639">
     <span class='ocr_line' id='line_1_4' title="bbox 89 552 862 639; baseline 0.01 -26"><span class='ocrx_word' id='word_1_17' title='bbox 89 552 182 615; x_wconf 86' lang='lat' dir='ltr'><strong>Roma</strong></span> <span class='ocrx_word' id='word_1_18' title='bbox 204 564 254 616; x_wconf 89' lang='lat' dir='ltr'><strong>tuo</strong></span> <span class='ocrx_word' id='word_1_19' title='bbox 276 557 359 618; x_wconf 85' lang='lat' dir='ltr'><strong>refici</strong></span> <span class='ocrx_word' id='word_1_20' title='bbox 380 566 586 636; x_wconf 69' lang='lat' dir='ltr'><strong>properantem</strong></span> <span class='ocrx_word' id='word_1_21' title='bbox 606 557 710 620; x_wconf 72' lang='lat' dir='ltr'><strong>reddet</strong></span> <span class='ocrx_word' id='word_1_22' title='bbox 733 560 862 639; x_wconf 76' lang='lat' dir='ltr'><strong>Aquino,</strong></span> 
     </span>
    </p>

    <p class='ocr_par' dir='ltr' id='par_1_5' title="bbox 89 635 1079 887">
     <span class='ocr_line' id='line_1_5' title="bbox 89 635 1079 724; baseline 0.016 -28"><span class='ocrx_word' id='word_1_23' title='bbox 89 635 136 697; x_wconf 86' lang='lat' dir='ltr'><strong>lile</strong></span> <span class='ocrx_word' id='word_1_24' title='bbox 160 656 278 718; x_wconf 82' lang='lat' dir='ltr'><strong>quoque</strong></span> <span class='ocrx_word' id='word_1_25' title='bbox 300 642 336 702; x_wconf 91' lang='lat' dir='ltr'><strong>ad</strong></span> <span class='ocrx_word' id='word_1_26' title='bbox 353 640 504 704; x_wconf 74' lang='lat' dir='ltr'><strong>Helvinam</strong></span> <span class='ocrx_word' id='word_1_27' title='bbox 520 638 661 703; x_wconf 72' lang='lat' dir='ltr'><strong>cererem</strong></span> <span class='ocrx_word' id='word_1_28' title='bbox 681 651 867 724; x_wconf 59' lang='lat' dir='ltr'><strong>uestemque</strong></span> <span class='ocrx_word' id='word_1_29' title='bbox 884 642 1004 708; x_wconf 77' lang='lat' dir='ltr'><strong>Dianam</strong></span> <span class='ocrx_word' id='word_1_30' title='bbox 1027 656 1079 712; x_wconf 75' lang='lat'><strong>32⁰</strong></span> 
     </span>
     <span class='ocr_line' id='line_1_6' title="bbox 91 719 945 805; baseline 0.011 -25"><span class='ocrx_word' id='word_1_31' title='bbox 91 719 237 784; x_wconf 73' lang='lat' dir='ltr'><strong>Converte</strong></span> <span class='ocrx_word' id='word_1_32' title='bbox 259 741 276 783; x_wconf 87' lang='lat' dir='ltr'><strong>a</strong></span> <span class='ocrx_word' id='word_1_33' title='bbox 298 721 411 789; x_wconf 80' lang='lat' dir='ltr'><strong>Gumis:</strong></span> <span class='ocrx_word' id='word_1_34' title='bbox 432 726 584 787; x_wconf 74' lang='lat' dir='ltr'><strong>aminarum</strong></span> <span class='ocrx_word' id='word_1_35' title='bbox 606 743 680 804; x_wconf 80' lang='lat' dir='ltr'><strong>ego,</strong></span> <span class='ocrx_word' id='word_1_36' title='bbox 704 727 732 786; x_wconf 92' lang='lat' dir='ltr'><strong>ni</strong></span> <span class='ocrx_word' id='word_1_37' title='bbox 754 727 845 804; x_wconf 87' lang='lat' dir='ltr'><strong>pudet</strong></span> <span class='ocrx_word' id='word_1_38' title='bbox 865 727 945 805; x_wconf 87' lang='lat' dir='ltr'><strong>illas,</strong></span> 
     </span>
     <span class='ocr_line' id='line_1_7' title="bbox 90 805 824 887; baseline 0.01 -24"><span class='ocrx_word' id='word_1_39' title='bbox 90 805 214 866; x_wconf 81' lang='lat' dir='ltr'><strong>Adintcr</strong></span> <span class='ocrx_word' id='word_1_40' title='bbox 234 807 351 885; x_wconf 73' lang='lat' dir='ltr'><strong>gelidos</strong></span> <span class='ocrx_word' id='word_1_41' title='bbox 373 809 486 870; x_wconf 66' lang='lat' dir='ltr'><strong>uanum</strong></span> <span class='ocrx_word' id='word_1_42' title='bbox 508 809 652 886; x_wconf 75' lang='lat' dir='ltr'><strong>caligatus</strong></span> <span class='ocrx_word' id='word_1_43' title='bbox 675 810 703 870; x_wconf 89' lang='lat' dir='ltr'><strong>iu</strong></span> <span class='ocrx_word' id='word_1_44' title='bbox 723 825 824 887; x_wconf 76' lang='lat' dir='ltr'><strong>agras.</strong></span> 
     </span>
    </p>
   </div>
   <div class='ocr_carea' id='block_1_3' title="bbox 484 1011 676 1022">
    <p class='ocr_par' dir='ltr' id='par_1_6' title="bbox 484 1011 676 1022">
     <span class='ocr_line' id='line_1_8' title="bbox 484 1011 676 1022; baseline -0.016 0"><span class='ocrx_word' id='word_1_45' title='bbox 484 1011 676 1022; x_wconf 61' lang='lat' dir='ltr'><strong>...qm-</strong></span> 
     </span>
    </p>
   </div>
   <div class='ocr_carea' id='block_1_4' title="bbox 427 1157 754 1224">
    <p class='ocr_par' dir='ltr' id='par_1_7' title="bbox 427 1157 754 1224">
     <span class='ocr_line' id='line_1_9' title="bbox 427 1157 754 1224; baseline -0.006 0"><span class='ocrx_word' id='word_1_46' title='bbox 427 1157 660 1224; x_wconf 81' lang='lat' dir='ltr'><strong>SATIRA</strong></span> <span class='ocrx_word' id='word_1_47' title='bbox 694 1159 754 1224; x_wconf 87' lang='lat' dir='ltr'><strong>IV.</strong></span> 
     </span>
    </p>
   </div>
   <div class='ocr_carea' id='block_1_5' title="bbox 86 1258 1078 3461">
    <p class='ocr_par' dir='ltr' id='par_1_8' title="bbox 90 1258 985 1454">
     <span class='ocr_line' id='line_1_10' title="bbox 91 1258 985 1370; baseline 0.001 -18"><span class='ocrx_word' id='word_1_48' title='bbox 91 1258 176 1352; x_wconf 74' lang='lat' dir='ltr'><strong>Ecce</strong></span> <span class='ocrx_word' id='word_1_49' title='bbox 198 1290 300 1350; x_wconf 83' lang='lat' dir='ltr'><strong>iterum</strong></span> <span class='ocrx_word' id='word_1_50' title='bbox 328 1286 493 1369; x_wconf 73' lang='lat' dir='ltr'><strong>Crispinus,</strong></span> <span class='ocrx_word' id='word_1_51' title='bbox 518 1300 548 1352; x_wconf 85' lang='lat' dir='ltr'><strong>at</strong></span> <span class='ocrx_word' id='word_1_52' title='bbox 569 1299 614 1352; x_wconf 90' lang='lat' dir='ltr'><strong>est</strong></span> <span class='ocrx_word' id='word_1_53' title='bbox 633 1289 700 1350; x_wconf 80' lang='lat' dir='ltr'><strong>milti</strong></span> <span class='ocrx_word' id='word_1_54' title='bbox 722 1307 813 1370; x_wconf 82' lang='lat' dir='ltr'><strong>saepe</strong></span> <span class='ocrx_word' id='word_1_55' title='bbox 835 1293 985 1356; x_wconf 87' lang='lat' dir='ltr'><strong>vocandus</strong></span> 
     </span>
     <span class='ocr_line' id='line_1_11' title="bbox 90 1374 892 1454; baseline 0.001 -19"><span class='ocrx_word' id='word_1_56' title='bbox 90 1374 135 1435; x_wconf 81' lang='lat' dir='ltr'><strong>Ad</strong></span> <span class='ocrx_word' id='word_1_57' title='bbox 157 1381 273 1451; x_wconf 81' lang='lat' dir='ltr'><strong>partes,</strong></span> <span class='ocrx_word' id='word_1_58' title='bbox 300 1383 457 1434; x_wconf 88' lang='lat' dir='ltr'><strong>monstrum</strong></span> <span class='ocrx_word' id='word_1_59' title='bbox 481 1374 560 1434; x_wconf 91' lang='lat' dir='ltr'><strong>nulla</strong></span> <span class='ocrx_word' id='word_1_60' title='bbox 582 1375 690 1434; x_wconf 85' lang='lat' dir='ltr'><strong>virtute</strong></span> <span class='ocrx_word' id='word_1_61' title='bbox 709 1375 892 1454; x_wconf 81' lang='lat' dir='ltr'><strong>redemptum</strong></span> 
     </span>
    </p>

    <p class='ocr_par' dir='ltr' id='par_1_9' title="bbox 89 1456 767 1536">
     <span class='ocr_line' id='line_1_12' title="bbox 89 1456 767 1536; baseline 0.001 -20"><span class='ocrx_word' id='word_1_62' title='bbox 89 1456 115 1516; x_wconf 86' lang='lat' dir='ltr'><strong>ll</strong></span> <span class='ocrx_word' id='word_1_63' title='bbox 139 1458 233 1532; x_wconf 85' lang='lat' dir='ltr'><strong>vitiis,</strong></span> <span class='ocrx_word' id='word_1_64' title='bbox 256 1474 364 1536; x_wconf 79' lang='lat' dir='ltr'>aegrae</span> <span class='ocrx_word' id='word_1_65' title='bbox 387 1457 509 1536; x_wconf 88' lang='lat' dir='ltr'><strong>solaque</strong></span> <span class='ocrx_word' id='word_1_66' title='bbox 533 1456 651 1520; x_wconf 84' lang='lat' dir='ltr'>libidine</span> <span class='ocrx_word' id='word_1_67' title='bbox 672 1457 767 1518; x_wconf 79' lang='lat' dir='ltr'><strong>fortes</strong></span> 
     </span>
    </p>

    <p class='ocr_par' dir='ltr' id='par_1_10' title="bbox 91 1540 814 1620">
     <span class='ocr_line' id='line_1_13' title="bbox 91 1540 814 1620; baseline 0 -20"><span class='ocrx_word' id='word_1_68' title='bbox 91 1541 237 1601; x_wconf 79' lang='lat' dir='ltr'>Deliciae:</span> <span class='ocrx_word' id='word_1_69' title='bbox 259 1542 360 1602; x_wconf 87' lang='lat' dir='ltr'><strong>viduas</strong></span> <span class='ocrx_word' id='word_1_70' title='bbox 383 1549 489 1602; x_wconf 81' lang='lat' dir='ltr'><strong>tantum</strong></span> <span class='ocrx_word' id='word_1_71' title='bbox 511 1550 665 1620; x_wconf 74' lang='lat' dir='ltr'><strong>spernatur</strong></span> <span class='ocrx_word' id='word_1_72' title='bbox 688 1540 814 1604; x_wconf 78' lang='lat' dir='ltr'><strong>adulter.</strong></span> 
     </span>
    </p>

    <p class='ocr_par' dir='ltr' id='par_1_11' title="bbox 86 1623 1078 2189">
     <span class='ocr_line' id='line_1_14' title="bbox 90 1623 1078 1704; baseline 0 -20"><span class='ocrx_word' id='word_1_73' title='bbox 90 1623 165 1699; x_wconf 84' lang='lat' dir='ltr'><strong>Quid</strong></span> <span class='ocrx_word' id='word_1_74' title='bbox 188 1623 279 1684; x_wconf 85' lang='lat' dir='ltr'><strong>reiert</strong></span> <span class='ocrx_word' id='word_1_75' title='bbox 300 1626 403 1703; x_wconf 84' lang='lat' dir='ltr'><strong>igitur,</strong></span> <span class='ocrx_word' id='word_1_76' title='bbox 427 1626 540 1704; x_wconf 85' lang='lat' dir='ltr'><strong>quantis</strong></span> <span class='ocrx_word' id='word_1_77' title='bbox 562 1627 687 1686; x_wconf 85' lang='lat' dir='ltr'><strong>iumenta</strong></span> <span class='ocrx_word' id='word_1_78' title='bbox 708 1625 814 1704; x_wconf 78' lang='lat' dir='ltr'><strong>fatiget</strong></span> <span class='ocrx_word' id='word_1_79' title='bbox 1062 1641 1078 1693; x_wconf 83' lang='lat'><strong>5</strong></span> 
     </span>
     <span class='ocr_line' id='line_1_15' title="bbox 87 1707 903 1787; baseline 0.002 -18"><span class='ocrx_word' id='word_1_80' title='bbox 87 1707 270 1783; x_wconf 82' lang='lat' dir='ltr'><strong>Porticibus‚</strong></span> <span class='ocrx_word' id='word_1_81' title='bbox 293 1716 398 1786; x_wconf 80' lang='lat' dir='ltr'><strong>quanta</strong></span> <span class='ocrx_word' id='word_1_82' title='bbox 418 1725 567 1770; x_wconf 90' lang='lat' dir='ltr'><strong>nemorum</strong></span> <span class='ocrx_word' id='word_1_83' title='bbox 586 1717 720 1769; x_wconf 86' lang='lat' dir='ltr'><strong>vectetur</strong></span> <span class='ocrx_word' id='word_1_84' title='bbox 741 1710 770 1770; x_wconf 90' lang='lat' dir='ltr'><strong>ia</strong></span> <span class='ocrx_word' id='word_1_85' title='bbox 793 1709 903 1787; x_wconf 88' lang='lat' dir='ltr'><strong>umbra,</strong></span> 
     </span>
     <span class='ocr_line' id='line_1_16' title="bbox 88 1789 857 1872; baseline -0.001 -20"><span class='ocrx_word' id='word_1_86' title='bbox 88 1792 195 1870; x_wconf 77' lang='lat' dir='ltr'><strong>legera</strong></span> <span class='ocrx_word' id='word_1_87' title='bbox 217 1800 287 1870; x_wconf 82' lang='lat' dir='ltr'><strong>quot</strong></span> <span class='ocrx_word' id='word_1_88' title='bbox 306 1793 400 1854; x_wconf 85' lang='lat' dir='ltr'><strong>uicina</strong></span> <span class='ocrx_word' id='word_1_89' title='bbox 421 1791 503 1868; x_wconf 84' lang='lat' dir='ltr'><strong>iura,</strong></span> <span class='ocrx_word' id='word_1_90' title='bbox 527 1810 599 1872; x_wconf 86' lang='lat' dir='ltr'><strong>quas</strong></span> <span class='ocrx_word' id='word_1_91' title='bbox 622 1793 723 1853; x_wconf 88' lang='lat' dir='ltr'><strong>emerit</strong></span> <span class='ocrx_word' id='word_1_92' title='bbox 746 1789 857 1854; x_wconf 85' lang='lat' dir='ltr'><strong>aedes?</strong></span> 
     </span>
     <span class='ocr_line' id='line_1_17' title="bbox 87 1874 871 1954; baseline 0 -18"><span class='ocrx_word' id='word_1_93' title='bbox 87 1875 181 1936; x_wconf 90' lang='lat' dir='ltr'><strong>Nemo</strong></span> <span class='ocrx_word' id='word_1_94' title='bbox 203 1874 295 1935; x_wconf 91' lang='lat' dir='ltr'><strong>malus</strong></span> <span class='ocrx_word' id='word_1_95' title='bbox 321 1875 407 1952; x_wconf 81' lang='lat' dir='ltr'><strong>felix,</strong></span> <span class='ocrx_word' id='word_1_96' title='bbox 430 1877 545 1936; x_wconf 89' lang='lat' dir='ltr'><strong>minime</strong></span> <span class='ocrx_word' id='word_1_97' title='bbox 567 1884 723 1954; x_wconf 82' lang='lat' dir='ltr'><strong>corruptor</strong></span> <span class='ocrx_word' id='word_1_98' title='bbox 742 1884 773 1935; x_wconf 81' lang='lat' dir='ltr'><strong>at</strong></span> <span class='ocrx_word' id='word_1_99' title='bbox 796 1876 871 1936; x_wconf 89' lang='lat' dir='ltr'><strong>idem</strong></span> 
     </span>
     <span class='ocr_line' id='line_1_18' title="bbox 86 1957 788 2040; baseline -0.006 -19"><span class='ocrx_word' id='word_1_100' title='bbox 86 1959 238 2035; x_wconf 78' lang='lat' dir='ltr'><strong>Incestus,</strong></span> <span class='ocrx_word' id='word_1_101' title='bbox 262 1977 326 2020; x_wconf 89' lang='lat' dir='ltr'><strong>cum</strong></span> <span class='ocrx_word' id='word_1_102' title='bbox 347 1974 405 2040; x_wconf 84' lang='lat' dir='ltr'><strong>quo</strong></span> <span class='ocrx_word' id='word_1_103' title='bbox 430 1977 523 2039; x_wconf 84' lang='lat' dir='ltr'><strong>nuper</strong></span> <span class='ocrx_word' id='word_1_104' title='bbox 547 1961 649 2020; x_wconf 83' lang='lat' dir='ltr'><strong>vittata</strong></span> <span class='ocrx_word' id='word_1_105' title='bbox 674 1957 788 2020; x_wconf 88' lang='lat' dir='ltr'><strong>iaccbat</strong></span> 
     </span>
     <span class='ocr_line' id='line_1_19' title="bbox 88 2040 895 2122; baseline -0.004 -19"><span class='ocrx_word' id='word_1_106' title='bbox 88 2044 236 2122; x_wconf 73' lang='lat' dir='ltr'><strong>Sanguine</strong></span> <span class='ocrx_word' id='word_1_107' title='bbox 260 2043 353 2104; x_wconf 83' lang='lat' dir='ltr'><strong>adhuc</strong></span> <span class='ocrx_word' id='word_1_108' title='bbox 374 2044 442 2104; x_wconf 85' lang='lat' dir='ltr'><strong>vivo</strong></span> <span class='ocrx_word' id='word_1_109' title='bbox 466 2050 572 2104; x_wconf 87' lang='lat' dir='ltr'><strong>terram</strong></span> <span class='ocrx_word' id='word_1_110' title='bbox 593 2041 722 2102; x_wconf 86' lang='lat' dir='ltr'><strong>subitura</strong></span> <span class='ocrx_word' id='word_1_111' title='bbox 745 2040 895 2102; x_wconf 88' lang='lat' dir='ltr'><strong>sacerdos.</strong></span> 
     </span>
     <span class='ocr_line' id='line_1_20' title="bbox 88 2125 884 2189; baseline -0.003 -1"><span class='ocrx_word' id='word_1_112' title='bbox 88 2128 149 2189; x_wconf 88' lang='lat' dir='ltr'><strong>Sed</strong></span> <span class='ocrx_word' id='word_1_113' title='bbox 174 2145 250 2187; x_wconf 90' lang='lat' dir='ltr'><strong>nuuc</strong></span> <span class='ocrx_word' id='word_1_114' title='bbox 270 2127 307 2187; x_wconf 88' lang='lat' dir='ltr'><strong>ds</strong></span> <span class='ocrx_word' id='word_1_115' title='bbox 326 2127 413 2188; x_wconf 83' lang='lat' dir='ltr'><strong>lactis</strong></span> <span class='ocrx_word' id='word_1_116' title='bbox 434 2125 611 2188; x_wconf 86' lang='lat' dir='ltr'><strong>levioribus:</strong></span> <span class='ocrx_word' id='word_1_117' title='bbox 639 2135 669 2185; x_wconf 94' lang='lat' dir='ltr'><strong>et</strong></span> <span class='ocrx_word' id='word_1_118' title='bbox 691 2134 786 2186; x_wconf 81' lang='lat' dir='ltr'><strong>tannen</strong></span> <span class='ocrx_word' id='word_1_119' title='bbox 809 2125 884 2188; x_wconf 89' lang='lat' dir='ltr'><strong>alter</strong></span> 
     </span>
    </p>

    <p class='ocr_par' dir='ltr' id='par_1_12' title="bbox 86 2208 951 2625">
     <span class='ocr_line' id='line_1_21' title="bbox 88 2208 861 2288; baseline -0.003 -16"><span class='ocrx_word' id='word_1_120' title='bbox 88 2213 119 2272; x_wconf 87' lang='lat' dir='ltr'><strong>Si</strong></span> <span class='ocrx_word' id='word_1_121' title='bbox 142 2210 265 2272; x_wconf 85' lang='lat' dir='ltr'><strong>lecisset</strong></span> <span class='ocrx_word' id='word_1_122' title='bbox 286 2211 378 2288; x_wconf 89' lang='lat' dir='ltr'><strong>idem,</strong></span> <span class='ocrx_word' id='word_1_123' title='bbox 402 2211 520 2276; x_wconf 83' lang='lat' dir='ltr'><strong>caderet</strong></span> <span class='ocrx_word' id='word_1_124' title='bbox 541 2209 595 2274; x_wconf 89' lang='lat' dir='ltr'><strong>sub</strong></span> <span class='ocrx_word' id='word_1_125' title='bbox 617 2208 712 2273; x_wconf 90' lang='lat' dir='ltr'><strong>iudice</strong></span> <span class='ocrx_word' id='word_1_126' title='bbox 735 2227 861 2278; x_wconf 88' lang='lat' dir='ltr'><strong>merum;</strong></span> 
     </span>
     <span class='ocr_line' id='line_1_22' title="bbox 86 2291 909 2374; baseline -0.004 -19"><span class='ocrx_word' id='word_1_127' title='bbox 86 2293 161 2356; x_wconf 90' lang='lat' dir='ltr'><strong>Nam</strong></span> <span class='ocrx_word' id='word_1_128' title='bbox 184 2295 262 2374; x_wconf 85' lang='lat' dir='ltr'><strong>quod</strong></span> <span class='ocrx_word' id='word_1_129' title='bbox 282 2304 367 2374; x_wconf 83' lang='lat' dir='ltr'><strong>turpe</strong></span> <span class='ocrx_word' id='word_1_130' title='bbox 388 2295 490 2372; x_wconf 84' lang='lat' dir='ltr'><strong>bonis,</strong></span> <span class='ocrx_word' id='word_1_131' title='bbox 512 2293 588 2356; x_wconf 81' lang='lat' dir='ltr'><strong>&#39;litio</strong></span> <span class='ocrx_word' id='word_1_132' title='bbox 611 2293 760 2374; x_wconf 83' lang='lat' dir='ltr'><strong>Seicqne,</strong></span> <span class='ocrx_word' id='word_1_133' title='bbox 783 2291 909 2356; x_wconf 87' lang='lat' dir='ltr'><strong>decebat</strong></span> 
     </span>
     <span class='ocr_line' id='line_1_23' title="bbox 88 2375 951 2459; baseline -0.007 -19"><span class='ocrx_word' id='word_1_134' title='bbox 88 2378 269 2458; x_wconf 78' lang='lat' dir='ltr'><strong>Crispinum:</strong></span> <span class='ocrx_word' id='word_1_135' title='bbox 292 2377 361 2459; x_wconf 84' lang='lat' dir='ltr'><strong>quid</strong></span> <span class='ocrx_word' id='word_1_136' title='bbox 383 2397 470 2457; x_wconf 71' lang='lat' dir='ltr'><strong>agae,</strong></span> <span class='ocrx_word' id='word_1_137' title='bbox 493 2397 580 2458; x_wconf 80' lang='lat' dir='ltr'><strong>quum</strong></span> <span class='ocrx_word' id='word_1_138' title='bbox 600 2377 663 2438; x_wconf 87' lang='lat' dir='ltr'><strong>dira</strong></span> <span class='ocrx_word' id='word_1_139' title='bbox 685 2386 715 2438; x_wconf 90' lang='lat' dir='ltr'><strong>et</strong></span> <span class='ocrx_word' id='word_1_140' title='bbox 736 2375 853 2437; x_wconf 77' lang='lat' dir='ltr'><strong>foedior</strong></span> <span class='ocrx_word' id='word_1_141' title='bbox 875 2377 951 2436; x_wconf 88' lang='lat' dir='ltr'><strong>amni</strong></span> 
     </span>
     <span class='ocr_line' id='line_1_24' title="bbox 88 2457 942 2538; baseline -0.004 -15"><span class='ocrx_word' id='word_1_142' title='bbox 88 2461 216 2523; x_wconf 83' lang='lat' dir='ltr'><strong>Crimine</strong></span> <span class='ocrx_word' id='word_1_143' title='bbox 238 2478 366 2538; x_wconf 86' lang='lat' dir='ltr'><strong>persona</strong></span> <span class='ocrx_word' id='word_1_144' title='bbox 388 2457 454 2522; x_wconf 77' lang='lat' dir='ltr'><strong>cst?</strong></span> <span class='ocrx_word' id='word_1_145' title='bbox 496 2459 617 2524; x_wconf 78' lang='lat' dir='ltr'><strong>Mullum</strong></span> <span class='ocrx_word' id='word_1_146' title='bbox 641 2479 696 2522; x_wconf 83' lang='lat' dir='ltr'><strong>sex</strong></span> <span class='ocrx_word' id='word_1_147' title='bbox 729 2458 842 2520; x_wconf 88' lang='lat' dir='ltr'><strong>milibus</strong></span> <span class='ocrx_word' id='word_1_148' title='bbox 865 2461 942 2536; x_wconf 82' lang='lat' dir='ltr'><strong>emit,</strong></span> 
     </span>
     <span class='ocr_line' id='line_1_25' title="bbox 87 2542 776 2625; baseline -0.006 -19"><span class='ocrx_word' id='word_1_149' title='bbox 87 2546 273 2625; x_wconf 72' lang='lat' dir='ltr'><strong>aequantem</strong></span> <span class='ocrx_word' id='word_1_150' title='bbox 295 2560 364 2604; x_wconf 90' lang='lat' dir='ltr'><strong>sane</strong></span> <span class='ocrx_word' id='word_1_151' title='bbox 387 2543 504 2622; x_wconf 87' lang='lat' dir='ltr'><strong>paribus</strong></span> <span class='ocrx_word' id='word_1_152' title='bbox 526 2543 662 2604; x_wconf 87' lang='lat' dir='ltr'><strong>sestertia</strong></span> <span class='ocrx_word' id='word_1_153' title='bbox 683 2542 776 2619; x_wconf 88' lang='lat' dir='ltr'><strong>libris,</strong></span> 
     </span>
    </p>

    <p class='ocr_par' dir='ltr' id='par_1_13' title="bbox 87 2625 925 2958">
     <span class='ocr_line' id='line_1_26' title="bbox 88 2625 908 2708; baseline -0.002 -18"><span class='ocrx_word' id='word_1_154' title='bbox 88 2630 126 2690; x_wconf 92' lang='lat' dir='ltr'><strong>Ut</strong></span> <span class='ocrx_word' id='word_1_155' title='bbox 149 2627 320 2708; x_wconf 86' lang='lat' dir='ltr'><strong>perhibent,</strong></span> <span class='ocrx_word' id='word_1_156' title='bbox 344 2627 393 2706; x_wconf 85' lang='lat' dir='ltr'><strong>qui</strong></span> <span class='ocrx_word' id='word_1_157' title='bbox 418 2626 454 2688; x_wconf 90' lang='lat' dir='ltr'><strong>de</strong></span> <span class='ocrx_word' id='word_1_158' title='bbox 476 2627 589 2705; x_wconf 84' lang='lat' dir='ltr'><strong>magnis</strong></span> <span class='ocrx_word' id='word_1_159' title='bbox 609 2625 718 2688; x_wconf 89' lang='lat' dir='ltr'><strong>maiora</strong></span> <span class='ocrx_word' id='word_1_160' title='bbox 742 2627 908 2708; x_wconf 76' lang='lat' dir='ltr'><strong>loquuntur.</strong></span> 
     </span>
     <span class='ocr_line' id='line_1_27' title="bbox 89 2711 807 2788; baseline -0.001 -15"><span class='ocrx_word' id='word_1_161' title='bbox 89 2711 251 2774; x_wconf 82' lang='lat' dir='ltr'><strong>Consilium</strong></span> <span class='ocrx_word' id='word_1_162' title='bbox 273 2711 360 2772; x_wconf 88' lang='lat' dir='ltr'><strong>laudo</strong></span> <span class='ocrx_word' id='word_1_163' title='bbox 383 2711 518 2788; x_wconf 83' lang='lat' dir='ltr'><strong>artificis,</strong></span> <span class='ocrx_word' id='word_1_164' title='bbox 541 2713 566 2772; x_wconf 90' lang='lat' dir='ltr'><strong>si</strong></span> <span class='ocrx_word' id='word_1_165' title='bbox 587 2728 706 2774; x_wconf 88' lang='lat' dir='ltr'><strong>munere</strong></span> <span class='ocrx_word' id='word_1_166' title='bbox 728 2719 807 2774; x_wconf 84' lang='lat' dir='ltr'><strong>tanto</strong></span> 
     </span>
     <span class='ocr_line' id='line_1_28' title="bbox 87 2793 925 2874; baseline 0.001 -19"><span class='ocrx_word' id='word_1_167' title='bbox 87 2797 278 2874; x_wconf 86' lang='lat' dir='ltr'><strong>Praecipuam</strong></span> <span class='ocrx_word' id='word_1_168' title='bbox 297 2796 326 2874; x_wconf 84' lang='lat' dir='ltr'><strong>ip</strong></span> <span class='ocrx_word' id='word_1_169' title='bbox 347 2795 452 2858; x_wconf 84' lang='lat' dir='ltr'><strong>tabulis</strong></span> <span class='ocrx_word' id='word_1_170' title='bbox 478 2813 575 2856; x_wconf 87' lang='lat' dir='ltr'><strong>acram</strong></span> <span class='ocrx_word' id='word_1_171' title='bbox 599 2797 678 2856; x_wconf 68' lang='lat' dir='ltr'><strong>seam</strong></span> <span class='ocrx_word' id='word_1_172' title='bbox 704 2793 823 2858; x_wconf 84' lang='lat' dir='ltr'><strong>abstulit</strong></span> <span class='ocrx_word' id='word_1_173' title='bbox 844 2795 925 2864; x_wconf 83' lang='lat' dir='ltr'><strong>csbi;</strong></span> 
     </span>
     <span class='ocr_line' id='line_1_29' title="bbox 87 2878 834 2958; baseline 0 -19"><span class='ocrx_word' id='word_1_174' title='bbox 87 2880 143 2939; x_wconf 88' lang='lat' dir='ltr'><strong>Est</strong></span> <span class='ocrx_word' id='word_1_175' title='bbox 164 2880 239 2940; x_wconf 91' lang='lat' dir='ltr'><strong>ratio</strong></span> <span class='ocrx_word' id='word_1_176' title='bbox 262 2878 399 2956; x_wconf 88' lang='lat' dir='ltr'><strong>ulterior,</strong></span> <span class='ocrx_word' id='word_1_177' title='bbox 425 2897 548 2958; x_wconf 82' lang='lat' dir='ltr'><strong>magnae</strong></span> <span class='ocrx_word' id='word_1_178' title='bbox 567 2880 592 2938; x_wconf 91' lang='lat' dir='ltr'><strong>si</strong></span> <span class='ocrx_word' id='word_1_179' title='bbox 616 2881 693 2939; x_wconf 84' lang='lat' dir='ltr'><strong>misit</strong></span> <span class='ocrx_word' id='word_1_180' title='bbox 713 2880 834 2955; x_wconf 84' lang='lat' dir='ltr'><strong>amicae,</strong></span> 
     </span>
    </p>

    <p class='ocr_par' dir='ltr' id='par_1_14' title="bbox 90 2961 866 3041">
     <span class='ocr_line' id='line_1_30' title="bbox 90 2961 866 3041; baseline -0.001 -19"><span class='ocrx_word' id='word_1_181' title='bbox 90 2962 173 3036; x_wconf 84' lang='lat' dir='ltr'><strong>Quae</strong></span> <span class='ocrx_word' id='word_1_182' title='bbox 195 2962 310 3024; x_wconf 85' lang='lat' dir='ltr'><strong>vehitur</strong></span> <span class='ocrx_word' id='word_1_183' title='bbox 334 2963 435 3024; x_wconf 88' lang='lat' dir='ltr'><strong>clauso</strong></span> <span class='ocrx_word' id='word_1_184' title='bbox 458 2963 524 3024; x_wconf 87' lang='lat' dir='ltr'><strong>latis</strong></span> <span class='ocrx_word' id='word_1_185' title='bbox 546 2961 749 3041; x_wconf 78' lang='lat' dir='ltr'><strong>specularibus</strong></span> <span class='ocrx_word' id='word_1_186' title='bbox 773 2971 866 3022; x_wconf 88' lang='lat' dir='ltr'><strong>antro.</strong></span> 
     </span>
    </p>

    <p class='ocr_par' dir='ltr' id='par_1_15' title="bbox 88 3043 936 3461">
     <span class='ocr_line' id='line_1_31' title="bbox 88 3043 891 3125; baseline -0.001 -21"><span class='ocrx_word' id='word_1_187' title='bbox 88 3045 137 3105; x_wconf 89' lang='lat' dir='ltr'><strong>Nil</strong></span> <span class='ocrx_word' id='word_1_188' title='bbox 159 3046 218 3107; x_wconf 90' lang='lat' dir='ltr'><strong>tale</strong></span> <span class='ocrx_word' id='word_1_189' title='bbox 241 3057 416 3125; x_wconf 76' lang='lat' dir='ltr'><strong>exspectes:</strong></span> <span class='ocrx_word' id='word_1_190' title='bbox 439 3049 507 3108; x_wconf 87' lang='lat' dir='ltr'><strong>emit</strong></span> <span class='ocrx_word' id='word_1_191' title='bbox 531 3045 595 3106; x_wconf 83' lang='lat' dir='ltr'><strong>sibi.</strong></span> <span class='ocrx_word' id='word_1_192' title='bbox 639 3043 729 3106; x_wconf 89' lang='lat' dir='ltr'><strong>ldulta</strong></span> <span class='ocrx_word' id='word_1_193' title='bbox 749 3045 891 3122; x_wconf 87' lang='lat' dir='ltr'><strong>videmus,</strong></span> 
     </span>
     <span class='ocr_line' id='line_1_32' title="bbox 90 3127 936 3209; baseline -0.001 -20"><span class='ocrx_word' id='word_1_194' title='bbox 90 3128 174 3202; x_wconf 84' lang='lat' dir='ltr'><strong>Quae</strong></span> <span class='ocrx_word' id='word_1_195' title='bbox 195 3132 284 3191; x_wconf 90' lang='lat' dir='ltr'><strong>miser</strong></span> <span class='ocrx_word' id='word_1_196' title='bbox 306 3140 336 3191; x_wconf 91' lang='lat' dir='ltr'><strong>et</strong></span> <span class='ocrx_word' id='word_1_197' title='bbox 356 3132 433 3209; x_wconf 80' lang='lat' dir='ltr'><strong>irugi</strong></span> <span class='ocrx_word' id='word_1_198' title='bbox 457 3148 516 3190; x_wconf 90' lang='lat' dir='ltr'><strong>non</strong></span> <span class='ocrx_word' id='word_1_199' title='bbox 536 3129 609 3190; x_wconf 84' lang='lat' dir='ltr'><strong>iecit</strong></span> <span class='ocrx_word' id='word_1_200' title='bbox 629 3127 766 3206; x_wconf 83' lang='lat' dir='ltr'><strong>Apicius!</strong></span> <span class='ocrx_word' id='word_1_201' title='bbox 810 3127 875 3190; x_wconf 87' lang='lat' dir='ltr'><strong>llcc</strong></span> <span class='ocrx_word' id='word_1_202' title='bbox 895 3138 936 3205; x_wconf 88' lang='lat' dir='ltr'><strong>tu,</strong></span> 
     </span>
     <span class='ocr_line' id='line_1_33' title="bbox 91 3209 888 3294; baseline 0.001 -22"><span class='ocrx_word' id='word_1_203' title='bbox 91 3214 264 3274; x_wconf 78' lang='lat' dir='ltr'><strong>Succinctus</strong></span> <span class='ocrx_word' id='word_1_204' title='bbox 285 3217 378 3293; x_wconf 92' lang='lat' dir='ltr'><strong>patria</strong></span> <span class='ocrx_word' id='word_1_205' title='bbox 402 3215 561 3294; x_wconf 84' lang='lat' dir='ltr'><strong>quondam,</strong></span> <span class='ocrx_word' id='word_1_206' title='bbox 588 3209 739 3291; x_wconf 77' lang='lat' dir='ltr'><strong>crispine,</strong></span> <span class='ocrx_word' id='word_1_207' title='bbox 763 3229 888 3292; x_wconf 76' lang='lat' dir='ltr'><strong>papyro,</strong></span> 
     </span>
     <span class='ocr_line' id='line_1_34' title="bbox 89 3295 878 3377; baseline 0 -21"><span class='ocrx_word' id='word_1_208' title='bbox 89 3295 155 3356; x_wconf 84' lang='lat' dir='ltr'><strong>iloc</strong></span> <span class='ocrx_word' id='word_1_209' title='bbox 175 3299 270 3376; x_wconf 86' lang='lat' dir='ltr'><strong>pretio</strong></span> <span class='ocrx_word' id='word_1_210' title='bbox 292 3296 462 3377; x_wconf 81' lang='lat' dir='ltr'><strong>squamam?</strong></span> <span class='ocrx_word' id='word_1_211' title='bbox 494 3298 590 3358; x_wconf 87' lang='lat' dir='ltr'><strong>Potuit</strong></span> <span class='ocrx_word' id='word_1_212' title='bbox 611 3297 737 3357; x_wconf 84' lang='lat' dir='ltr'><strong>fortasse</strong></span> <span class='ocrx_word' id='word_1_213' title='bbox 758 3297 878 3358; x_wconf 87' lang='lat' dir='ltr'><strong>minoris</strong></span> 
     </span>
     <span class='ocr_line' id='line_1_35' title="bbox 91 3381 803 3461; baseline -0.001 -20"><span class='ocrx_word' id='word_1_214' title='bbox 91 3381 225 3442; x_wconf 80' lang='lat' dir='ltr'><strong>Piscator</strong></span> <span class='ocrx_word' id='word_1_215' title='bbox 248 3399 332 3460; x_wconf 88' lang='lat' dir='ltr'><strong>quam</strong></span> <span class='ocrx_word' id='word_1_216' title='bbox 355 3385 445 3461; x_wconf 85' lang='lat' dir='ltr'><strong>piscis</strong></span> <span class='ocrx_word' id='word_1_217' title='bbox 468 3383 538 3451; x_wconf 89' lang='lat' dir='ltr'><strong>emi;</strong></span> <span class='ocrx_word' id='word_1_218' title='bbox 561 3382 711 3460; x_wconf 88' lang='lat' dir='ltr'><strong>provincia</strong></span> <span class='ocrx_word' id='word_1_219' title='bbox 732 3383 803 3442; x_wconf 90' lang='lat' dir='ltr'><strong>tanti</strong></span> 
     </span>
    </p>
   </div>
   <div class='ocr_carea' id='block_1_6' title="bbox 89 3463 926 3601">
    <p class='ocr_par' dir='ltr' id='par_1_16' title="bbox 89 3463 926 3601">
     <span class='ocr_line' id='line_1_36' title="bbox 89 3463 926 3601; baseline 0.001 -79"><span class='ocrx_word' id='word_1_220' title='bbox 89 3463 198 3526; x_wconf 84' lang='lat' dir='ltr'><strong>Vendit</strong></span> <span class='ocrx_word' id='word_1_221' title='bbox 220 3481 327 3543; x_wconf 81' lang='lat' dir='ltr'><strong>agros,</strong></span> <span class='ocrx_word' id='word_1_222' title='bbox 349 3469 403 3529; x_wconf 86' lang='lat' dir='ltr'><strong>sed</strong></span> <span class='ocrx_word' id='word_1_223' title='bbox 425 3467 551 3528; x_wconf 86' lang='lat' dir='ltr'><strong>maiores</strong></span> <span class='ocrx_word' id='word_1_224' title='bbox 574 3463 702 3544; x_wconf 83' lang='lat' dir='ltr'><strong>Appulia</strong></span> <span class='ocrx_word' id='word_1_225' title='bbox 722 3465 830 3525; x_wconf 88' lang='lat' dir='ltr'><strong>vendit.</strong></span> <span class='ocrx_word' id='word_1_226' title='bbox 886 3543 926 3601; x_wconf 77' lang='lat'><strong>⁶2*</strong></span> 
     </span>
    </p>
   </div>
   <div class='ocr_carea' id='block_1_7' title="bbox 0 0 1296 3950">
    <p class='ocr_par' dir='ltr' id='par_1_17' title="bbox 0 0 1296 3950">
     <span class='ocr_line' id='line_1_37' title="bbox 0 0 1296 3950; baseline 0 0"><span class='ocrx_word' id='word_1_227' title='bbox 0 0 1296 3950; x_wconf 95' lang='lat' dir='ltr'><strong> </strong></span> 
     </span>
    </p>
   </div>
  </div>
 </body>
</html>
