2590 3946
521 257 646 307 SATIRA
668 260 716 308 vl.

97 393 184 468 Quae
201 395 332 473 peperit;
354 394 468 455 timidus
490 407 663 474 praegustet
682 399 789 476 pocula
811 403 949 480 pappam]

97 477 247 555 Fingimus
269 477 344 539 haec
365 478 454 538 altum
475 481 564 539 satira
587 491 717 541 sumente
739 482 907 544 cothurnum

98 562 223 622 Scilicet
245 571 275 622 et
297 562 383 622 linem
404 565 519 639 egressi
541 562 697 644 legemque
720 567 849 643 priorum
1039 582 1091 636 535

99 645 216 706 Grande
238 645 409 724 Sophocleo
433 664 550 707 carmen
571 644 747 708 bacchamur
768 649 858 725 hiatu,

97 727 247 790 Montibus
266 731 395 807 ignotum
414 728 529 790 Rutulis
552 731 697 809 coeloque
719 729 843 793 Latino?

98 810 162 872 Nos
182 814 290 873 utinam
310 813 390 874 vani!
413 813 466 874 sed
490 814 594 874 clamat
611 814 729 876 Pontia:
752 814 835 891 Feci,

99 893 267 973 Confiteor,
292 898 451 976 puerisque
473 899 545 958 meis
567 901 681 960 aconita
703 901 814 977 paravi,

97 978 182 1052 Quae
200 979 347 1057 deprensa
370 990 484 1059 patent:
506 981 634 1042 lacinus:
652 983 838 1062 ,tamen‘ipsa
859 988 1020 1063 peregi.--
1040 998 1092 1052 640

98 1063 181 1123 Tune
204 1063 276 1124 duos
299 1081 369 1140 una,
393 1065 564 1124 saevissima
587 1067 705 1144 yipera,
728 1063 845 1127 coena?

98 1147 181 1206 Tune
203 1144 488 1226 duosi-Septem,
506 1149 531 1208 si
542 1158 656 1226 septem
675 1147 752 1210 lorte
774 1150 962 1213 luissent!-

99 1229 259 1290 Gredamus
281 1231 419 1308 tragicis,
443 1231 580 1311 quidquid
600 1231 637 1293 de
661 1229 803 1294 Colchide
823 1243 906 1296 torva

97 1314 212 1374 Dicitur
235 1322 264 1373 et
286 1313 417 1374 Procne:
439 1315 479 1374 nil
502 1324 602 1375 contra
625 1332 732 1386 con'or3
755 1327 784 1379 et
806 1317 874 1377 illae

99 1396 225 1459 Grandia
246 1407 374 1460 monstra
396 1399 455 1458 suis
474 1398 619 1459 audebant
640 1400 821 1479 temporibus
828 1423 836 1470 ;
859 1403 913 1463 sed
1040 1417 1091 1472 555

98 1481 165 1541 Non
187 1490 311 1561 propter
331 1500 472 1542 nummos.
516 1480 612 1543 dlinor
633 1484 783 1546 admiratio
803 1486 920 1546 summis

98 1565 232 1626 Debetur
252 1567 404 1641 monstris,
429 1567 544 1646 quroties
565 1567 636 1628 iacit
658 1569 700 1628 ira
722 1577 878 1630 nocentem

98 1649 182 1730 llunc
201 1667 317 1719 sexum:
339 1648 422 1710 rabie
443 1651 525 1711 iecur
548 1652 722 1713 incendente
745 1653 876 1714 feruntur

98 1733 297 1811 Praecipites,
317 1741 348 1793 ut
370 1748 440 1793 saxa
463 1735 538 1812 iugis
562 1734 701 1814 abrupta,
725 1736 829 1814 quibus
850 1751 933 1797 mons

98 1816 284 1877 Subtrahitur
305 1817 442 1896 clivoque
463 1818 538 1879 latus
559 1818 705 1897 pendente
727 1820 850 1881 recedit.
1039 1836 1092 1889 650

98 1900 182 1960 lllam
206 1916 263 1977 ego
284 1917 341 1960 non
364 1899 493 1978 tulerim,
518 1919 593 1979 quae
614 1912 761 1981 computat
781 1913 810 1963 et
830 1904 929 1964 scelus
951 1905 1053 1983 ingens

99 1984 177 2044 Sana
197 1983 274 2044 iacit.
319 1985 460 2063 Spectant
481 1983 653 2045 subeuntem
673 1985 732 2046 lata
753 1989 845 2048 mariti

99 2068 242 2129 Alcestim
263 2076 310 2145 ct,
333 2067 433 2128 similis
451 2069 476 2126 si
499 2069 671 2147 permutatio
694 2069 788 2147 detur,

98 2150 194 2212 hlcrte
216 2153 271 2212 viri
294 2153 411 2230 cupiant
431 2152 552 2212 animam
575 2171 695 2214 servare
719 2155 853 2218 catellae.

100 2234 263 2295 Occurrent
284 2235 391 2296 multae
413 2235 464 2296 tibi
485 2235 604 2297 Belides
623 2245 710 2316 atque
733 2237 893 2317 Eriphylae
1038 2253 1091 2309 555

99 2317 200 2388 Mane:
222 2316 482 2394 Clytaemnestram
503 2319 599 2380 nullus
619 2337 676 2381 non
697 2323 779 2382 vicus
800 2323 926 2384 habebit.

98 2401 164 2463 Hoc
185 2411 291 2463 tanturn
303 2404 414 2480 refert,
438 2403 516 2484 quod
538 2403 679 2479 Tyndaris
701 2405 749 2464 illa
772 2406 928 2485 bipennem

99 2485 241 2547 lnsulsam
263 2495 293 2546 et
314 2487 420 2549 fatuam
442 2488 544 2549 dextra
567 2487 710 2567 laevaque
729 2489 864 2550 tenebat.-

42 2645 44 2650 Ι
100 2570 139 2629 At
161 2589 236 2630 nnnc
257 2587 307 2629 res
326 2571 420 2648 agitur
442 2572 520 2631 tenui
540 2571 677 2650 pulmone
699 2571 831 2649 rubetae,

100 2654 161 2714 Sed
181 2663 277 2716 tamen
296 2662 326 2714 et
347 2654 444 2731 ierro,
466 2657 491 2716 si
510 2655 711 2734 praegustabit
732 2653 851 2718 Atrides
885 2691 887 2696 ·
1039 2671 1090 2728 eoo

99 2737 221 2798 Pontica
242 2746 288 2798 ter
309 2739 378 2798 victi
397 2748 496 2800 cautus
517 2740 705 2802 medicamina
722 2742 811 2819 regis.
1022 2769 1028 2776 ·
