2590 3946
190 257 230 317 54
512 269 547 316 n.
571 268 642 317 uun.
665 267 851 317 mvuuauus

188 407 254 468 Non
275 423 351 487 quoe
371 414 496 466 ventoso
520 406 662 469 conducta
681 408 735 468 sub
755 423 866 486 aggere
886 407 968 466 texit.

188 492 251 553 Vos
273 490 413 567 humiles,
435 491 547 568 inquis,
569 491 649 569 vulgi
670 509 739 571 pars
759 492 857 552 ultima
880 492 981 568 nostri,

189 574 318 649 Quorum
338 590 423 634 nemo
446 583 532 653 queat
555 577 676 654 patriam
697 584 858 635 monstrare
881 575 1026 652 parentis:

186 658 243 718 Ast
265 675 322 736 ego
344 654 584 737 Cecropidesl—
597 659 687 720 Vivas
701 670 730 720 et
744 660 865 737 originis
879 656 963 718 huius

188 739 297 804 Gaudia
315 719 404 820 longa
422 740 517 802 ieras:
540 749 636 802 tamen
657 743 712 804 ima
733 741 823 820 plebe
844 739 985 814 Quiritem

186 823 352 886 Facundum
372 826 519 894 invenies3
543 824 619 885 solet
641 825 689 886 blo
711 824 873 885 defendere
896 843 1000 886 causas

186 907 303 969 Nobilis
323 908 446 978 indocti;
468 909 548 968 venit
568 917 597 968 et
619 910 656 970 de
678 908 768 987 plebe
790 916 902 985 togata,

187 990 244 1065 Qui
261 992 331 1051 iuris
352 991 446 1052 nodos
467 1000 497 1051 et
516 991 615 1070 legum
637 994 798 1070 aenigmata
819 991 923 1052 solvat.

185 1074 241 1136 Hic
264 1077 336 1154 petit
354 1073 524 1154 Euphraten
543 1077 656 1136 iuvenis
676 1075 835 1154 domitique
856 1074 958 1135 Batavi

187 1155 334 1219 Custodes
356 1159 485 1238 aquilas,
509 1161 595 1220 armis
616 1160 787 1220 industrius:
806 1167 836 1220 at
857 1165 887 1218 tu

185 1241 235 1302 Nil
256 1243 310 1301 nisi
333 1239 516 1321 Cecropides
535 1253 697 1320 truncoque
722 1242 881 1304 simillimus
903 1239 1038 1302 Hermae.

185 1324 275 1385 Nullo
298 1326 407 1404 quippe
429 1325 486 1386 alio
508 1326 600 1386 vincis
623 1326 804 1404 discrimine,
827 1343 913 1404 quam
934 1326 1011 1404 quod

185 1408 238 1470 Illi.
252 1423 444 1468 marmoreum
467 1417 553 1487 caput
576 1417 637 1485 est,
660 1418 708 1469 tua
730 1410 801 1470 vivit
822 1410 929 1486 imago.

185 1491 242 1552 Dic
263 1490 347 1567 mihi,
371 1490 551 1552 Teucrorum
571 1492 689 1572 proles,
709 1492 841 1554 animalia
861 1500 938 1552 muta

188 1574 260 1650 Quis
277 1591 425 1652 generosa
447 1583 546 1654 putet,
566 1577 621 1637 nisi
640 1575 747 1636 sortia?
767 1593 872 1655 nempe
893 1575 1044 1637 volucrem
1123 1571 1129 1584 '

187 1660 237 1719 Sic
256 1657 404 1721 laudamus
424 1675 547 1736 equum,
570 1659 650 1720 facili
672 1661 718 1720 eui
739 1660 860 1739 plurima
882 1659 976 1738 palma

170 1740 296 1802 'Fervet
319 1751 348 1802 et
369 1741 495 1803 exsultat
514 1760 605 1804 rauco
623 1745 746 1804 victoria
770 1746 860 1804 circo.

186 1825 302 1886 Nobilis
323 1826 386 1902 hio,
409 1843 592 1907 quocumque
612 1829 691 1887 venit
713 1827 749 1888 de
765 1828 912 1905 gramine,
934 1826 1015 1887 cuius

188 1907 366 1988 clarafaga
388 1919 453 1970 ante
474 1910 548 1970 alios
570 1919 599 1971 et
620 1909 729 1990 primus
751 1913 780 1972 in
802 1926 932 1988 aequore
953 1908 1064 1989 pulrls3

188 1993 247 2054 Sed
265 1994 370 2054 venale
391 2011 483 2072 pecus
505 1991 673 2074 Coryphaei
696 1995 853 2074 posteritas
874 2003 905 2054 et

187 2076 316 2156 Hirpini,
339 2079 364 2136 si
384 2095 450 2138 rara
471 2079 539 2156 iugo
563 2079 687 2139 victoria
708 2079 792 2139 sedit.

187 2161 235 2221 Nil
257 2161 296 2220 ibi
318 2162 456 2220 maiorum
477 2171 648 2240 respectus,
671 2164 765 2239 gratia
786 2161 864 2222 nulla

187 2242 376 2317 Umbrarum3
400 2245 531 2306 dominos
554 2247 655 2324 pretiis
677 2255 787 2305 mutare
804 2243 938 2304 iubentur

188 2326 311 2407 Eriguis
334 2330 401 2389 trito
424 2337 454 2388 et
476 2329 582 2390 ducunt
604 2329 736 2407 epiredia
759 2328 838 2389 collo

189 2410 375 2490 segnipedes
396 2411 534 2491 dignique
555 2413 661 2473 molam
681 2429 803 2473 versare
825 2419 959 2492 nepotes.

188 2494 287 2573 Ergo,
310 2504 341 2556 ut
362 2498 498 2556 miremur
519 2506 564 2574 te,
587 2514 646 2556 non
667 2506 732 2574 tua,
754 2497 866 2575 privum
883 2493 992 2573 aliquid
1013 2494 1058 2568 du,

188 2578 276 2652 Quod
296 2582 406 2659 possim
429 2580 518 2640 titulis
540 2581 671 2642 incidere
693 2589 812 2660 praeter
833 2581 973 2654 honores,

189 2661 271 2737 Quos
293 2663 351 2725 illis
372 2663 473 2723 damus
495 2681 530 2722 ac
551 2663 698 2740 dedimus,
723 2663 827 2742 quibus
850 2663 945 2723 omnia
965 2659 1069 2720 debes.
1145 2665 1181 2722 lt)

230 2744 312 2808 Haec
331 2749 399 2807 satia
419 2747 455 2805 ad
475 2749 625 2822 iuvenem,
647 2764 733 2825 quem
754 2745 840 2805 nobis
855 2745 931 2805 lama
953 2741 1110 2820 superbum

189 2829 290 2891 Tradit
311 2838 341 2889 et
361 2828 487 2889 inflatum
509 2829 683 2908 plenumque
704 2826 823 2888 Nerone
846 2827 1018 2906 propinquo.

187 2911 283 2975 Rarus
304 2914 378 2972 enlm
401 2911 493 2973 ferme
515 2929 620 2972 sensus
639 2913 796 2971 communis
818 2913 847 2970 in
866 2910 915 2971 illa
1012 2963 1016 2969 .

188 2997 331 3064 Fortuna;
350 2995 404 3056 sed
422 3003 451 3053 te
474 2998 592 3056 censeri
612 2995 698 3056 laude
720 3004 845 3072 tuorum,

188 3079 325 3155 Pontice,
350 3078 493 3138 noluerim
515 3081 558 3139 sio
581 3088 611 3139 ut
630 3079 701 3138 nihil
723 3079 787 3157 ipse
810 3079 923 3139 laturae
1146 3083 1180 3140 ts

188 3162 294 3223 Laudis
318 3179 399 3239 agas.
443 3160 581 3223 Niserum
603 3172 647 3223 est
672 3161 793 3224 aliorum
814 3160 982 3223 incumbere
1004 3158 1109 3234 lamae,

188 3244 234 3305 Ne
257 3244 388 3324 collapsa
411 3255 493 3306 ruunt
515 3247 665 3308 subductis
686 3255 764 3308 tecta
786 3246 938 3308 columnis.

189 3329 303 3390 Stratus
324 3329 401 3390 humi
424 3330 536 3408 palmes
556 3331 657 3391 viduas
679 3330 827 3392 desiderat
843 3329 946 3390 ulmos.

190 3409 262 3472 Esto
284 3413 377 3475 bonus
398 3415 493 3492 miles,
516 3423 593 3476 tutor
614 3413 725 3491 bonus,
747 3413 857 3476 arbiter
876 3413 954 3473 idem

191 3493 326 3574 lnteger:
347 3499 500 3576 ambiguae
523 3501 549 3558 si
571 3500 685 3578 quando
710 3498 840 3560 citabere
862 3497 946 3559 testis
1146 3497 1183 3552 80
1283 3561 1285 3566 ,
