2582 3950
515 251 641 300 sartan
661 253 712 300 111.

119 392 217 470 Atque
241 390 336 451 obiter
359 391 441 468 leget
463 400 512 451 aut
533 390 642 450 scribet
663 389 713 450 vel
735 390 859 451 dormiet
879 391 970 460 intus:

119 475 251 554 Namque
273 475 342 535 lacit
363 491 494 536 somnum
510 474 610 535 clausa
629 472 735 533 lectica
756 474 896 537 fenestra.

119 561 197 618 Ante
217 568 312 618 tamen
332 559 444 618 veniet:
467 556 550 617 nobis
573 557 798 635 properantibus
820 556 917 620 obstat

119 642 202 704 Unda
223 644 321 721 prior,
344 657 450 718 magno
472 639 600 719 populus
622 642 728 719 premit
748 642 862 719 agmine
882 641 1008 723 lumbos,

119 725 176 800 Qui
195 727 340 806 sequitur;
353 725 430 796 ¹ierit
451 723 499 786 bie
520 723 634 800 cubito,
655 724 724 784 ierit
746 741 847 786 assere
870 723 942 786 duro
1058 737 1110 793 245
1196 773 1199 784 .

118 809 220 884 Alter,
242 817 271 870 at
292 807 340 868 bic
361 811 471 886 tignum
489 807 577 887 capiti
595 809 713 884 incutit,
733 807 785 868 ille
806 817 967 875 metretam.

118 893 240 970 Pinguia
261 910 347 953 crura
369 892 444 962 luto;
468 892 567 970 planta
586 907 655 951 mox
675 891 802 970 undique
821 909 925 970 magna

119 975 228 1054 Galcor
248 977 325 1036 etin
346 975 437 1054 digito
462 976 562 1036 clavus
584 974 652 1036 mihi
672 974 769 1035 militis
790 974 904 1036 haeret.

117 1060 221 1121 Nonne
243 1058 343 1136 vides,
366 1068 472 1138 quanto
497 1058 664 1121 celebretur
685 1058 818 1138 sportula
838 1057 938 1123 fumo?
996 1078 999 1086 ·

119 1141 242 1204 (lentum
264 1144 425 1221 convivae,
448 1145 580 1223 sequitur
597 1161 650 1203 sua
671 1161 815 1222 quemque
838 1143 942 1205 culina.
1058 1157 1111 1211 aso

118 1225 249 1289 corbulo
271 1229 322 1288 vix
342 1227 434 1288 lerret
456 1236 500 1288 tot
522 1244 592 1288 vasa
613 1228 758 1305 ingentia,
780 1235 824 1287 tot
844 1245 893 1287 res

116 1311 272 1392 impositae
293 1314 397 1391 capiti,
422 1329 494 1391 quas
516 1320 600 1372 recto
621 1312 734 1372 vertice
756 1319 853 1390 portat

118 1395 259 1456 Serrulus
280 1395 382 1456 infelix
404 1404 434 1455 et
454 1413 542 1457 cursu
564 1395 686 1457 ventilat
704 1396 810 1472 ignem.

118 1479 294 1539 scinduntur
312 1480 427 1540 tunicae
449 1488 547 1540 sartae
569 1479 673 1548 modo;
697 1479 786 1556 longa
808 1487 945 1540 coruscat

118 1565 243 1623 Serraco
265 1564 401 1624 veniente
423 1561 521 1638 abies,
545 1572 632 1641 atque
655 1562 746 1623 altera
767 1563 864 1640 pinum
1059 1577 1111 1630 255

117 1646 249 1706 Plaustra
269 1645 392 1715 vehunt;
414 1656 514 1708 nutant
537 1645 595 1706 alte
613 1646 783 1727 populoque
807 1647 958 1707 minantur.

117 1728 190 1789 Nam
212 1730 237 1789 si
259 1728 429 1809 procubuit,
453 1733 502 1810 qui
524 1748 595 1792 saxa
616 1728 764 1807 ligustico
786 1737 884 1808 portat

117 1813 209 1890 Axis,
235 1822 264 1873 et
287 1831 420 1874 eversum
441 1815 514 1876 indit
536 1832 625 1892 super
647 1815 759 1890 agmina
781 1821 919 1890 montem,

119 1897 194 1971 Quid
217 1907 355 1977 superest
376 1896 412 1958 de
431 1895 626 1975 corporibus?
650 1898 713 1975 quis
733 1895 876 1972 membra,
896 1897 960 1976 quis
984 1914 1052 1958 ossa

117 1979 252 2041 Invenit?
280 1981 415 2042 obtritum
437 1980 516 2058 vulgi
537 1981 613 2058 perit
635 1996 719 2040 omne
742 1979 869 2041 cadaver
1059 1991 1111 2045 260

116 2063 200 2124 blore
222 2065 348 2136 animae;
370 2065 472 2125 domus
494 2065 606 2123 interea
627 2081 732 2124 secura
754 2061 880 2141 patellas

117 2147 176 2207 lam
198 2149 276 2210 lavat
298 2158 328 2209 et
349 2149 444 2209 bucca
465 2147 594 2208 loculum
617 2148 725 2208 excitat
746 2155 775 2206 et
798 2155 883 2206 sonat
904 2146 998 2206 unctis

117 2230 274 2310 striglibus
297 2241 327 2292 et
348 2232 437 2310 pleno
461 2231 609 2310 componit
628 2231 717 2292 lintea
739 2231 838 2308 gutte!

116 2306 198 2375 llaec
219 2317 294 2378 inter
313 2332 423 2395 pueros
445 2316 526 2376 varie
547 2323 755 2395 properantur:
779 2313 880 2374 atille

116 2399 176 2459 lam
193 2399 278 2460 sedet
299 2401 328 2459 in
350 2401 414 2479 ripa
435 2407 600 2477 tetrumque
622 2399 754 2459 novicius
775 2397 878 2457 borret
1058 2408 1110 2464 affl

117 2483 286 2558 Porthmea,
309 2500 365 2542 nec
387 2491 488 2560 sperat
512 2484 632 2542 coenosi
654 2481 777 2558 gurgitis
799 2479 895 2542 alnum

116 2564 242 2640 infelix,
265 2582 320 2624 nec
343 2562 431 2624 babet
453 2583 540 2643 quem
561 2565 692 2644 porrigat
712 2581 764 2624 ore
783 2564 928 2625 trientem.

159 2648 288 2727 Respice
308 2665 384 2707 nunc
407 2646 462 2707 alla
484 2666 519 2708 ac
541 2650 656 2712 diversa
677 2647 809 2727 pericula
830 2648 941 2709 noctis:

117 2731 203 2806 Quod
226 2732 350 2810 spatium
371 2733 457 2792 tectis
479 2730 665 2808 sublimibus,
693 2732 768 2793 unde
792 2732 944 2794 cerebrum

117 2816 206 2876 Testa
227 2814 311 2892 ferit,
337 2816 452 2894 quoties
475 2817 628 2878 rimasset
650 2825 730 2878 curta
753 2816 891 2878 lenestrls
1057 2827 1110 2882 ato

116 2900 195 2960 Vasa
216 2898 336 2969 oadunt;
358 2909 465 2978 quanto
486 2917 658 2978 percussum
678 2899 811 2979 pondere
834 2903 949 2977 signent

116 2983 154 3044 Et
171 2984 285 3045 laedant
304 2983 425 3043 silicem.
471 2983 570 3043 Possis
592 2985 713 3061 ignavus
735 2983 837 3044 baberi

118 3067 154 3127 Et
176 3066 262 3127 subiti
285 3084 370 3127 casua
393 3065 586 3144 improvidus,
610 3067 646 3126 ad
670 3083 791 3127 coenam
811 3065 835 3125 si

116 3151 271 3210 Intestatus
293 3169 358 3220 eas;
381 3150 455 3210 adeo
478 3158 521 3209 tot
543 3149 618 3225 lata,
642 3158 713 3228 quot
735 3150 785 3211 illa

116 3233 210 3294 Nocte
229 3242 328 3312 patent
349 3233 455 3311 vigiles
478 3242 507 3293 te
528 3241 735 3311 praetereunte
756 3233 914 3296 fenestrae.
1055 3241 1108 3298 ais

116 3317 197 3395 Ergo
218 3325 303 3397 optes
324 3326 481 3395 votumque
504 3317 583 3377 ieras
604 3315 770 3378 miserabile
790 3326 898 3395 tecum,

116 3401 155 3460 Ut
175 3402 230 3460 sint
252 3409 406 3460 contentae
429 3400 542 3479 patulas
566 3400 725 3462 defundere
748 3399 861 3480 pelves.

115 3479 221 3544 Ebrius
244 3501 279 3544 ac
297 3482 449 3563 petulans,
472 3485 520 3563 qui
543 3485 651 3546 nullum
671 3487 747 3546 forte
768 3485 884 3562 cecidit,

158 3587 214 3628 ruv.
230 3588 292 3627 sar.
909 3577 927 3631 t
