2590 3946
522 217 556 262 D.
579 217 651 264 IUN.
674 215 859 264 tuvurtums

508 515 851 582 SATIRAXVI.

183 648 942 838 litentur,illiniturque’citt’

184 846 231 906 lle
254 841 387 921 pavidum
409 843 537 920 excipiat
562 845 686 903 tironem
710 852 795 922 porta
820 805 949 904 secundo

184 930 297 990 Sidere.
337 924 406 985 Plus
431 927 537 985 etenim
560 925 612 987 inti
635 925 715 986 valet
736 927 808 987 bora
832 925 961 1004 benigni,
1027 951 1030 956 ⁴

185 1011 277 1086 Quam
299 1009 324 1068 si
347 1025 400 1067 nos
418 1007 544 1068 Veneris
564 1009 746 1072 commendet
769 1010 893 1088 epistola
915 1009 998 1071 llarti
1153 1023 1172 1075 ⁵

184 1095 221 1155 Et
243 1093 339 1153 Samia
365 1093 501 1169 genetrix
523 1110 598 1171 quae
624 1092 787 1154 delectatur
809 1110 907 1153 arena.

226 1174 383 1238 commota
408 1184 565 1236 tractemus
589 1177 710 1254 primum
733 1177 912 1253 communia,
940 1194 1060 1256 quorum

183 1260 264 1322 llaud
291 1259 433 1319 minimum
454 1258 526 1321 illud
549 1260 620 1334 erit,
642 1277 679 1319 ne
701 1268 731 1322 te
754 1259 873 1338 pulsare
893 1270 1009 1338 togatus

182 1345 313 1416 Audeat,
337 1343 422 1400 immo
446 1351 491 1418 et,
515 1344 539 1401 si
563 1343 710 1421 pulsetur,
733 1343 894 1404 dissimulet
915 1363 970 1405 nec

183 1427 298 1487 Audeat
322 1441 465 1484 excussos
488 1427 616 1503 praetori
640 1424 796 1485 ostendere
822 1427 924 1488 dentes
1135 1443 1173 1495 lu
1271 1425 1274 1432 '

183 1512 219 1572 Et
241 1511 351 1586 nigram
375 1509 404 1567 in
426 1507 503 1567 lacie
525 1508 639 1568 tumidis
663 1507 803 1568 livoribus
829 1511 914 1572 oliam

182 1595 278 1672 Atque
301 1590 416 1651 oculum
439 1590 553 1651 medico
576 1591 616 1652 nil
640 1592 826 1670 promittente
847 1594 990 1656 relictum.

181 1676 339 1738 Bardaicus
363 1674 450 1733 iudex
471 1673 553 1735 datur
577 1674 650 1736 haec
673 1676 777 1754 punire
796 1677 917 1754 volenti,

183 1759 309 1821 Calceus
335 1767 364 1818 et
385 1757 511 1834 grandes
531 1775 634 1836 magna
655 1759 692 1820 ad
715 1757 856 1822 subsellia
880 1779 976 1838 surae,

181 1842 307 1921 Legibus
332 1843 456 1920 antiquis
478 1851 638 1902 castrorum
660 1850 689 1903 et
710 1859 791 1904 more
815 1841 930 1912 Camilli
1135 1859 1171 1914 15

182 1929 322 2001 Servato,
348 1925 431 1986 miles
457 1943 493 1985 ne
519 1926 625 1986 vallum
647 1926 742 2004 litiget
767 1935 850 1988 extra

181 2010 219 2072 Et
245 2009 349 2089 procul
370 2027 387 2068 a
409 2011 510 2086 signis.
546 2007 703 2070 iustissima
730 2013 928 2072 centurionum

182 2091 317 2172 Cognitio
341 2100 386 2151 est
412 2093 501 2169 igitur
524 2093 561 2153 de
583 2092 690 2169 milite,
714 2111 770 2154 neo
792 2095 859 2155 mibi
882 2095 975 2158 deerit

180 2176 277 2252 Ultio,
301 2177 325 2235 si
350 2176 443 2235 iustae
465 2176 596 2236 deiertur
618 2195 705 2238 causa
731 2178 896 2255 querellam

180 2261 254 2321 lota
280 2258 386 2319 cohors
410 2268 504 2319 tamen
528 2269 573 2321 est
595 2261 723 2336 inimica,
748 2277 908 2340 omnesque
929 2265 1046 2344 manipli
1131 2277 1169 2330 20

181 2342 334 2404 Consensu
359 2360 464 2420 magno
487 2343 631 2421 alliciunt,
655 2343 793 2404 curabilis
815 2355 847 2405 ut
869 2349 906 2406 sit

181 2428 314 2488 Vindicta
335 2435 365 2485 et
385 2429 505 2504 gratim
526 2446 612 2508 quam
634 2429 744 2489 iniuria.
779 2428 904 2507 Dignum
930 2433 985 2492 erit
1007 2449 1079 2511 ergo

179 2510 391 2588 Declamatoris
414 2511 521 2572 mulino
544 2511 635 2572 corde
655 2511 782 2590 Vagelli,

181 2594 274 2668 Quum
296 2595 353 2655 duo
376 2612 460 2656 crura
482 2594 611 2670 babeas,
639 2596 790 2657 offendere
816 2606 859 2657 tot
882 2599 1080 2676 caligasstot

178 2675 257 2738 blilia
295 2677 452 2738 clavorum.
491 2678 563 2753 Quis
589 2685 646 2737 tam
669 2679 772 2757 procul
798 2680 875 2740 absit
895 2680 931 2741 ab
955 2680 1028 2741 urbe
1129 2694 1169 2746 25

181 2759 353 2836 Praeterea,
380 2762 445 2841 quis
467 2770 524 2820 tam
545 2759 687 2836 Pylades,
709 2760 814 2821 molem
837 2767 953 2840 aggeris
976 2763 1050 2824 ultra

180 2843 217 2904 Ut
238 2843 356 2906 veniat?
380 2844 516 2905 lacrimae
540 2844 686 2903 siccentur
708 2846 854 2926 protinus,
878 2854 907 2907 et
929 2864 962 2906 se

179 2927 379 2988 Excusaturos
401 2943 459 2985 non
483 2925 675 2986 sollicitemus
698 2927 817 2987 amicos.

178 3011 222 3071 lia
245 3020 368 3087 testem,
393 3009 481 3069 iudex
505 3028 590 3088 quum
617 3009 736 3086 dixerit,
765 3010 869 3073 audeat
890 3013 941 3074 ille

177 3094 286 3154 Nescio
314 3095 397 3172 quis,
420 3111 535 3171 pugnos
558 3095 606 3173 qui
630 3095 715 3171 vidit,
739 3095 856 3158 dicere:
879 3097 952 3157 ridi:
1127 3111 1167 3162 to

178 3175 216 3237 Et
240 3177 356 3236 credam
379 3177 493 3253 dignum
515 3178 606 3239 barba
632 3178 805 3258 dignumque
830 3180 960 3260 capillis‘

177 3259 327 3321 blaiorum.
367 3258 458 3320 Citius
480 3261 584 3323 laisum
607 3263 773 3341 producere
795 3271 900 3324 testem

178 3341 287 3405 contra
310 3361 454 3424 paganum
478 3348 593 3424 possis,
615 3363 699 3426 quarn
722 3365 793 3408 vera
816 3348 984 3427 loquentem

178 3425 287 3489 Contra
311 3429 453 3490 fortunam
475 3431 575 3492 armati
599 3438 757 3508 contraque
785 3431 935 3507 pudorem.
