2590 3946
495 257 620 305 sumita
637 259 671 305 X.

115 395 308 476 Temporibus
334 395 413 477 dirlpt
427 396 513 474 igitur
536 396 675 475 iussuque
696 395 822 459 Neronis

113 481 274 558 Longinum
298 486 328 538 et
348 494 471 556 magnos
493 479 627 539 Senecae
647 479 817 557 praedivitis
837 477 939 541 bortos

115 562 226 626 Clausit
249 570 279 622 et
301 563 437 640 egregias
458 560 663 623 Lateranorum
686 557 802 624 obsidet
823 564 915 625 aedes
994 561 996 566 ’

5 709 7 736 Ι
114 648 188 709 'loto
211 645 340 706 cohors?
355 662 437 712 rarus
462 646 589 705 venitin
611 645 775 708 coenacula
791 647 885 707 miles.

113 731 211 792 Pauca
232 729 304 804 licet
328 737 430 811 portes
455 729 568 809 argenti
590 730 708 810 vasculo
735 731 810 808 puri,

113 813 209 874 Nocte
232 810 289 874 iter
303 813 461 890 ingressus
482 813 609 890 gladium
631 821 803 893 contumque
823 813 939 875 timebis

113 896 151 957 Et
171 905 268 958 motae
294 897 331 957 ud
351 895 445 957 lunam
467 895 627 975 trepidabis
649 891 794 957 arundinis
815 897 947 960 umbras:

114 979 249 1041 Gontabit
273 996 385 1040 vucuus
410 979 508 1040 corum
529 979 643 1041 latrone
668 981 771 1040 viator.

112 1065 207 1125 Prima
230 1064 294 1124 iere
318 1071 388 1136 vota
414 1071 444 1123 et
467 1063 575 1123 cunctis
598 1064 746 1124 notissima
768 1065 885 1144 templis

113 1146 258 1224 Divitiae,
280 1156 415 1208 crescant
439 1153 469 1205 ut
492 1162 583 1226 opes,
606 1155 636 1206 ut
660 1149 782 1230 maxima
805 1156 867 1208 toto

113 1228 221 1291 Nostra
240 1231 285 1290 ‘sit
308 1249 375 1292 arca
398 1232 474 1295 loro,
509 1230 568 1290 Sed
587 1230 666 1290 nulla
688 1232 802 1291 aconita
824 1230 959 1292 bibantur

5 1297 6 1362 l
113 1312 279 1382 Fictilibus;
305 1313 445 1374 tunc'illa
470 1314 555 1390 time,
579 1297 794 1394 quum-pocula
817 1325 931 1376 sumes'

5 1383 6 1412 ¹
114 1397 262 1460 (lemmata
289 1406 319 1456 et
339 1397 552 1458 lato'Setinum
574 1397 688 1457 ardebit
708 1398 737 1456 in
763 1414 843 1460 euro.

113 1480 211 1542 Iamne
237 1481 324 1559 igitur
344 1480 461 1557 laudas,
488 1479 566 1560 quod
590 1479 833 1560 de‘sopieirtibus
857 1482 932 1544 ulter

114 1563 256 1639 Ridebat,
280 1563 395 1642 quoties
418 1560 454 1623 de
475 1564 571 1625 limine
592 1575 725 1626 moverat
747 1573 832 1627 unum

113 1647 337 1726 Protuleratque
358 1647 479 1725 p'edem,
499 1647 587 1708 debat
607 1650 767 1709 contrarius
789 1646 913 1710 auctor?

114 1730 176 1791 Sed
197 1729 293 1790 facilis
317 1731 408 1790 cuivis
430 1731 516 1808 rigidi
540 1749 661 1792 censura
684 1732 832 1792 cachinni:

113 1812 273 1874 blirandum
295 1822 357 1890 est,
382 1814 457 1874 unde
481 1813 532 1873 ille
555 1815 649 1876 oeulis
672 1814 822 1875 suffecerit
849 1815 959 1876 humor.

114 1896 261 1976 Perpetuo
285 1897 345 1956 risu
368 1896 532 1977 pulmonem
558 1899 669 1976 agitare
693 1896 808 1959 solebat

113 1980 316 2056 Democritus,
343 1997 513 2060 quamquam
535 1998 592 2040 nou
615 1989 715 2041 esseut
739 1980 858 2043 urbibus
880 1981 938 2064 illis

112 2064 269 2125 Praetexta
292 2074 321 2124 et
342 2063 479 2140 trabeae,
503 2065 617 2140 fasces,
642 2063 764 2141 lectica,
789 2064 923 2126 tribuual.

116 2146 206 2225 Quid,
231 2149 255 2207 si
277 2148 400 2208 vidisset
421 2157 587 2226 praetorem
611 2146 741 2208 curribus
765 2148 832 2209 altis

115 2232 284 2292 Exstantem
306 2241 336 2292 et
359 2231 445 2292 medii
467 2231 616 2293 sublimem
637 2230 760 2311 pulvere
781 2233 852 2293 circi

5 2345 6 2358 ÷
114 2315 146 2376 In
173 2316 269 2376 tunica
289 2314 368 2376 Iovis
391 2324 421 2375 et
443 2316 540 2395 pictae
563 2315 687 2377 Samarra
711 2315 856 2376 ierentem

114 2399 160 2460 Ex
184 2398 312 2460 humeris
337 2398 438 2459 aulaea
462 2407 551 2476 tegno
572 2416 754 2477 magnaeque
778 2415 905 2458 coronae

115 2482 234 2544 Tanmm
261 2481 377 2558 orbem,
406 2491 512 2560 qllanlo
538 2483 639 2543 cervix
663 2497 721 2541 uon
745 2482 851 2542 suflicit
874 2479 952 2542 ullu?

116 2565 232 2645 Quippe
259 2574 339 2627 tenet
362 2564 467 2625 sudans
489 2565 563 2626 hanc
582 2564 718 2644 publicus
739 2575 784 2643 et,
808 2563 863 2624 sibi
889 2563 990 2626 consul

114 2650 160 2716 tte
183 2650 314 2729 placeat,
338 2666 423 2710 curru
446 2665 548 2710 servus
572 2655 703 2727 portatur
727 2649 841 2710 eodem.

5 2793 6 2806 ,
114 2733 160 2794 Da
181 2749 257 2794 nunc
282 2742 311 2792 et
335 2732 502 2809 volucrem,
528 2740 646 2811 sceptro
675 2748 749 2811 quae
771 2733 863 2812 surgit
884 2731 1006 2810 eburno,

5 2841 6 2846 ¹
115 2816 198 2877 llliuc
221 2818 400 2893 commines,
423 2816 490 2877 binc
510 2816 718 2895 praecedentia
743 2816 823 2895 longi

116 2900 247 2977 Agmiuis
270 2900 366 2960 cilicia
393 2909 423 2960 et
443 2903 546 2960 niveos
570 2899 607 2960 ad
631 2900 715 2961 irene
738 2900 877 2976 Quirites,
1064 2909 1098 2961 45

114 2982 243 3043 Defessa
267 2985 295 3043 in
319 2983 424 3043 loculis
447 3000 522 3062 quos
544 2983 676 3063 sportula
696 2983 768 3043 iecit
792 2985 910 3044 amieos.

116 3064 188 3126 Tum
215 3083 331 3144 quoque
354 3069 501 3128 materiam
523 3069 597 3126 risus
621 3067 730 3126 invenit
753 3065 789 3126 ed
812 3082 913 3126 omnes

116 3148 265 3210 Occursus
287 3149 444 3226 bominum,
472 3152 553 3210 cuius
577 3147 728 3227 prudentio
752 3157 901 3225 monstrat,

115 3234 250 3294 Summos
275 3250 365 3311 posse
391 3235 470 3294 viros
492 3242 522 3293 et
540 3249 644 3309 magua
668 3233 803 3312 exempla
830 3232 948 3293 daturos

114 3317 281 3377 Vervecum
303 3318 331 3376 in
354 3318 445 3394 patric
470 3333 629 3394 crassoque
653 3315 706 3376 sub
729 3334 799 3377 aere
820 3317 911 3377 nasci.

116 3399 241 3461 llidebat
266 3416 367 3476 ouras,
393 3417 528 3462 necnon
553 3408 584 3460 et
607 3399 711 3478 gaudia
737 3400 827 3477 vulgi,

115 3483 261 3544 Interdum
284 3492 314 3543 et
339 3483 488 3561 lacrimas,
516 3501 600 3563 quum
622 3484 755 3543 fortunae
780 3484 845 3560 ipse
871 3481 974 3542 minaci

159 3587 216 3628 mv.
241 3588 300 3628 sur.
874 3565 893 3624 5
