<?xml version="1.0" encoding="UTF-8"?>
<!DOCTYPE html PUBLIC "-//W3C//DTD XHTML 1.0 Transitional//EN"
    "http://www.w3.org/TR/xhtml1/DTD/xhtml1-transitional.dtd">
<html xmlns="http://www.w3.org/1999/xhtml" xml:lang="en" lang="en">
 <head>
  <title>
</title>
<meta http-equiv="Content-Type" content="text/html;charset=utf-8" />
  <meta name='ocr-system' content='tesseract 3.04.00' />
  <meta name='ocr-capabilities' content='ocr_page ocr_carea ocr_par ocr_line ocrx_word'/>
</head>
<body>
  <div class='ocr_page' id='page_1' title='image "./satirarumlibriq01juvegoog_0132.png"; bbox 0 0 2590 3946; ppageno 0'>
   <div class='ocr_carea' id='block_1_1' title="bbox 499 242 1094 305">
    <p class='ocr_par' dir='ltr' id='par_1_1' title="bbox 499 242 1094 305">
     <span class='ocr_line' id='line_1_1' title="bbox 499 242 1094 305; baseline 0.003 -9"><span class='ocrx_word' id='word_1_1' title='bbox 499 248 624 297; x_wconf 74' lang='lat' dir='ltr'><strong>sauma</strong></span> <span class='ocrx_word' id='word_1_2' title='bbox 645 250 715 297; x_wconf 85' lang='lat' dir='ltr'>XIV.</span> <span class='ocrx_word' id='word_1_3' title='bbox 1054 242 1094 305; x_wconf 77' lang='grc'><strong>95</strong></span> 
     </span>
    </p>
   </div>
   <div class='ocr_carea' id='block_1_2' title="bbox 106 386 1094 1474">
    <p class='ocr_par' dir='ltr' id='par_1_2' title="bbox 110 386 974 465">
     <span class='ocr_line' id='line_1_2' title="bbox 110 386 974 465; baseline 0.006 -17"><span class='ocrx_word' id='word_1_4' title='bbox 110 388 254 465; x_wconf 83' lang='lat' dir='ltr'><strong>Vemula‚</strong></span> <span class='ocrx_word' id='word_1_5' title='bbox 278 399 338 452; x_wconf 89' lang='lat' dir='ltr'><strong>tres</strong></span> <span class='ocrx_word' id='word_1_6' title='bbox 362 388 481 457; x_wconf 87' lang='lat' dir='ltr'><strong>domini;</strong></span> <span class='ocrx_word' id='word_1_7' title='bbox 507 386 560 448; x_wconf 90' lang='lat' dir='ltr'><strong>sed</strong></span> <span class='ocrx_word' id='word_1_8' title='bbox 582 389 692 464; x_wconf 86' lang='lat' dir='ltr'><strong>mugnis</strong></span> <span class='ocrx_word' id='word_1_9' title='bbox 713 389 850 450; x_wconf 86' lang='lat' dir='ltr'><strong>iratribus</strong></span> <span class='ocrx_word' id='word_1_10' title='bbox 872 391 974 453; x_wconf 87' lang='lat' dir='ltr'><strong>borum</strong></span> 
     </span>
    </p>

    <p class='ocr_par' dir='ltr' id='par_1_3' title="bbox 108 469 1094 636">
     <span class='ocr_line' id='line_1_3' title="bbox 109 469 1094 540; baseline 0.002 -8"><span class='ocrx_word' id='word_1_11' title='bbox 109 473 136 532; x_wconf 80' lang='grc' dir='ltr'><strong>Α</strong></span> <span class='ocrx_word' id='word_1_12' title='bbox 157 472 264 533; x_wconf 88' lang='lat' dir='ltr'><strong>scrobe</strong></span> <span class='ocrx_word' id='word_1_13' title='bbox 286 472 336 534; x_wconf 86' lang='lat' dir='ltr'><strong>vel</strong></span> <span class='ocrx_word' id='word_1_14' title='bbox 359 473 442 533; x_wconf 91' lang='lat' dir='ltr'><strong>sulco</strong></span> <span class='ocrx_word' id='word_1_15' title='bbox 457 469 650 533; x_wconf 73' lang='lat' dir='ltr'><strong>&#39;redeuntibus</strong></span> <span class='ocrx_word' id='word_1_16' title='bbox 674 471 766 533; x_wconf 88' lang='lat' dir='ltr'><strong>altera</strong></span> <span class='ocrx_word' id='word_1_17' title='bbox 787 490 880 534; x_wconf 89' lang='lat' dir='ltr'><strong>coena</strong></span> <span class='ocrx_word' id='word_1_18' title='bbox 1046 485 1094 540; x_wconf 74' lang='lat'><strong>170</strong></span> 
     </span>
     <span class='ocr_line' id='line_1_4' title="bbox 108 554 871 636; baseline 0.001 -21"><span class='ocrx_word' id='word_1_19' title='bbox 108 555 242 634; x_wconf 82' lang='lat' dir='ltr'><strong>Amplior</strong></span> <span class='ocrx_word' id='word_1_20' title='bbox 266 566 295 617; x_wconf 92' lang='lat' dir='ltr'><strong>et</strong></span> <span class='ocrx_word' id='word_1_21' title='bbox 316 556 443 636; x_wconf 86' lang='lat' dir='ltr'><strong>grandes</strong></span> <span class='ocrx_word' id='word_1_22' title='bbox 465 554 611 618; x_wconf 84' lang='lat' dir='ltr'><strong>fumabant</strong></span> <span class='ocrx_word' id='word_1_23' title='bbox 632 555 759 633; x_wconf 89' lang='lat' dir='ltr'><strong>pultibus</strong></span> <span class='ocrx_word' id='word_1_24' title='bbox 784 557 871 617; x_wconf 89' lang='lat' dir='ltr'><strong>ollae.</strong></span> 
     </span>
    </p>

    <p class='ocr_par' dir='ltr' id='par_1_4' title="bbox 108 638 925 717">
     <span class='ocr_line' id='line_1_5' title="bbox 108 638 925 717; baseline 0 -17"><span class='ocrx_word' id='word_1_25' title='bbox 108 638 192 700; x_wconf 86' lang='lat' dir='ltr'><strong>Nunc</strong></span> <span class='ocrx_word' id='word_1_26' title='bbox 213 640 315 701; x_wconf 88' lang='lat' dir='ltr'><strong>modus</strong></span> <span class='ocrx_word' id='word_1_27' title='bbox 339 640 387 700; x_wconf 90' lang='lat' dir='ltr'><strong>bic</strong></span> <span class='ocrx_word' id='word_1_28' title='bbox 409 642 472 717; x_wconf 83' lang='lat' dir='ltr'><strong>agri</strong></span> <span class='ocrx_word' id='word_1_29' title='bbox 493 647 596 700; x_wconf 89' lang='lat' dir='ltr'><strong>nostro</strong></span> <span class='ocrx_word' id='word_1_30' title='bbox 617 656 676 698; x_wconf 92' lang='lat' dir='ltr'><strong>non</strong></span> <span class='ocrx_word' id='word_1_31' title='bbox 701 640 807 701; x_wconf 83' lang='lat' dir='ltr'><strong>sufficit</strong></span> <span class='ocrx_word' id='word_1_32' title='bbox 828 640 925 701; x_wconf 86' lang='lat' dir='ltr'><strong>burto.</strong></span> 
     </span>
    </p>

    <p class='ocr_par' dir='ltr' id='par_1_5' title="bbox 107 722 899 803">
     <span class='ocr_line' id='line_1_6' title="bbox 107 722 899 803; baseline 0.003 -20"><span class='ocrx_word' id='word_1_33' title='bbox 107 722 177 784; x_wconf 85' lang='lat' dir='ltr'><strong>{nde</strong></span> <span class='ocrx_word' id='word_1_34' title='bbox 203 723 268 783; x_wconf 85' lang='lat' dir='ltr'><strong>iere</strong></span> <span class='ocrx_word' id='word_1_35' title='bbox 288 724 434 786; x_wconf 88' lang='lat' dir='ltr'><strong>scelerum</strong></span> <span class='ocrx_word' id='word_1_36' title='bbox 457 741 579 792; x_wconf 88' lang='lat' dir='ltr'><strong>causae;</strong></span> <span class='ocrx_word' id='word_1_37' title='bbox 605 741 660 783; x_wconf 88' lang='lat' dir='ltr'><strong>nec</strong></span> <span class='ocrx_word' id='word_1_38' title='bbox 681 723 763 803; x_wconf 88' lang='lat' dir='ltr'><strong>plura</strong></span> <span class='ocrx_word' id='word_1_39' title='bbox 787 742 899 785; x_wconf 85' lang='lat' dir='ltr'><strong>venena</strong></span> 
     </span>
    </p>

    <p class='ocr_par' dir='ltr' id='par_1_6' title="bbox 107 806 813 887">
     <span class='ocr_line' id='line_1_7' title="bbox 107 806 813 887; baseline 0.001 -18"><span class='ocrx_word' id='word_1_40' title='bbox 107 806 223 869; x_wconf 84' lang='lat' dir='ltr'><strong>bliscuit</strong></span> <span class='ocrx_word' id='word_1_41' title='bbox 244 817 292 870; x_wconf 91' lang='lat' dir='ltr'><strong>aut</strong></span> <span class='ocrx_word' id='word_1_42' title='bbox 313 808 393 869; x_wconf 85' lang='lat' dir='ltr'><strong>ierro</strong></span> <span class='ocrx_word' id='word_1_43' title='bbox 415 817 566 886; x_wconf 74' lang='lat' dir='ltr'><strong>grassatur</strong></span> <span class='ocrx_word' id='word_1_44' title='bbox 586 808 703 887; x_wconf 89' lang='lat' dir='ltr'><strong>saepius</strong></span> <span class='ocrx_word' id='word_1_45' title='bbox 724 808 813 870; x_wconf 93' lang='lat' dir='ltr'><strong>ullum</strong></span> 
     </span>
    </p>

    <p class='ocr_par' dir='ltr' id='par_1_7' title="bbox 106 890 1094 1053">
     <span class='ocr_line' id='line_1_8' title="bbox 106 890 1094 970; baseline 0.002 -20"><span class='ocrx_word' id='word_1_46' title='bbox 106 890 254 952; x_wconf 75' lang='lat' dir='ltr'>Humanae</span> <span class='ocrx_word' id='word_1_47' title='bbox 277 893 380 953; x_wconf 88' lang='lat' dir='ltr'><strong>mentis</strong></span> <span class='ocrx_word' id='word_1_48' title='bbox 402 893 519 968; x_wconf 83' lang='lat' dir='ltr'><strong>vitium,</strong></span> <span class='ocrx_word' id='word_1_49' title='bbox 545 908 630 970; x_wconf 83' lang='lat' dir='ltr'><strong>qnam</strong></span> <span class='ocrx_word' id='word_1_50' title='bbox 651 908 740 952; x_wconf 88' lang='lat' dir='ltr'><strong>saeva</strong></span> <span class='ocrx_word' id='word_1_51' title='bbox 769 893 874 970; x_wconf 89' lang='lat' dir='ltr'><strong>cupido</strong></span> <span class='ocrx_word' id='word_1_52' title='bbox 1043 904 1094 960; x_wconf 74' lang='lat'><strong>175</strong></span> 
     </span>
     <span class='ocr_line' id='line_1_9' title="bbox 106 973 857 1053; baseline 0 -19"><span class='ocrx_word' id='word_1_53' title='bbox 106 973 253 1036; x_wconf 88' lang='lat' dir='ltr'><strong>Inmodici</strong></span> <span class='ocrx_word' id='word_1_54' title='bbox 278 994 392 1038; x_wconf 89' lang='lat' dir='ltr'><strong>census.</strong></span> <span class='ocrx_word' id='word_1_55' title='bbox 429 973 501 1036; x_wconf 89' lang='lat' dir='ltr'><strong>Nam</strong></span> <span class='ocrx_word' id='word_1_56' title='bbox 524 974 607 1036; x_wconf 88' lang='lat' dir='ltr'><strong>dives</strong></span> <span class='ocrx_word' id='word_1_57' title='bbox 631 976 680 1053; x_wconf 91' lang='lat' dir='ltr'><strong>qui</strong></span> <span class='ocrx_word' id='word_1_58' title='bbox 702 975 857 1052; x_wconf 77' lang='lat' dir='ltr'><strong>lierirult,</strong></span> 
     </span>
    </p>

    <p class='ocr_par' dir='ltr' id='par_1_8' title="bbox 106 1055 899 1137">
     <span class='ocr_line' id='line_1_10' title="bbox 106 1055 899 1137; baseline 0.005 -21"><span class='ocrx_word' id='word_1_59' title='bbox 106 1055 145 1117; x_wconf 83' lang='lat' dir='ltr'><strong>Et</strong></span> <span class='ocrx_word' id='word_1_60' title='bbox 167 1059 224 1118; x_wconf 90' lang='lat' dir='ltr'><strong>cito</strong></span> <span class='ocrx_word' id='word_1_61' title='bbox 245 1061 307 1120; x_wconf 85' lang='lat' dir='ltr'><strong>vult</strong></span> <span class='ocrx_word' id='word_1_62' title='bbox 329 1061 407 1128; x_wconf 87' lang='lat' dir='ltr'><strong>lleri;</strong></span> <span class='ocrx_word' id='word_1_63' title='bbox 432 1059 486 1119; x_wconf 90' lang='lat' dir='ltr'><strong>sed</strong></span> <span class='ocrx_word' id='word_1_64' title='bbox 510 1076 585 1136; x_wconf 89' lang='lat' dir='ltr'><strong>quae</strong></span> <span class='ocrx_word' id='word_1_65' title='bbox 604 1060 769 1120; x_wconf 84' lang='lat' dir='ltr'><strong>reverentia</strong></span> <span class='ocrx_word' id='word_1_66' title='bbox 790 1058 899 1137; x_wconf 88' lang='lat' dir='ltr'><strong>legum,</strong></span> 
     </span>
    </p>

    <p class='ocr_par' dir='ltr' id='par_1_9' title="bbox 106 1140 1031 1304">
     <span class='ocr_line' id='line_1_11' title="bbox 108 1140 1031 1223; baseline 0.007 -25"><span class='ocrx_word' id='word_1_67' title='bbox 108 1140 179 1214; x_wconf 80' lang='lat' dir='ltr'><strong>Quis</strong></span> <span class='ocrx_word' id='word_1_68' title='bbox 201 1151 295 1204; x_wconf 84' lang='lat' dir='ltr'><strong>metus</strong></span> <span class='ocrx_word' id='word_1_69' title='bbox 319 1152 367 1204; x_wconf 87' lang='lat' dir='ltr'><strong>aut</strong></span> <span class='ocrx_word' id='word_1_70' title='bbox 387 1143 482 1223; x_wconf 92' lang='lat' dir='ltr'><strong>pudor</strong></span> <span class='ocrx_word' id='word_1_71' title='bbox 505 1151 551 1204; x_wconf 89' lang='lat' dir='ltr'><strong>est</strong></span> <span class='ocrx_word' id='word_1_72' title='bbox 568 1159 701 1221; x_wconf 83' lang='lat' dir='ltr'><strong>umquam</strong></span> <span class='ocrx_word' id='word_1_73' title='bbox 725 1145 909 1221; x_wconf 89' lang='lat' dir='ltr'><strong>properantis</strong></span> <span class='ocrx_word' id='word_1_74' title='bbox 932 1141 1031 1204; x_wconf 77' lang='lat' dir='ltr'><strong>avari?</strong></span> 
     </span>
     <span class='ocr_line' id='line_1_12' title="bbox 106 1224 779 1304; baseline 0.006 -22"><span class='ocrx_word' id='word_1_75' title='bbox 106 1224 202 1283; x_wconf 81' lang='lat' dir='ltr'><strong>Viuite</strong></span> <span class='ocrx_word' id='word_1_76' title='bbox 224 1229 352 1304; x_wconf 88' lang='lat' dir='ltr'><strong>contenti</strong></span> <span class='ocrx_word' id='word_1_77' title='bbox 374 1225 482 1287; x_wconf 89' lang='lat' dir='ltr'><strong>casulis</strong></span> <span class='ocrx_word' id='word_1_78' title='bbox 506 1235 536 1287; x_wconf 91' lang='lat' dir='ltr'><strong>et</strong></span> <span class='ocrx_word' id='word_1_79' title='bbox 559 1225 684 1286; x_wconf 89' lang='lat' dir='ltr'><strong>collibus</strong></span> <span class='ocrx_word' id='word_1_80' title='bbox 705 1226 779 1303; x_wconf 85' lang='lat' dir='ltr'><strong>istis,</strong></span> 
     </span>
    </p>

    <p class='ocr_par' dir='ltr' id='par_1_10' title="bbox 106 1306 1094 1474">
     <span class='ocr_line' id='line_1_13' title="bbox 107 1306 1094 1386; baseline 0.009 -19"><span class='ocrx_word' id='word_1_81' title='bbox 107 1306 132 1367; x_wconf 92' lang='lat'>0</span> <span class='ocrx_word' id='word_1_82' title='bbox 155 1309 252 1386; x_wconf 90' lang='lat' dir='ltr'><strong>pueri!</strong></span> <span class='ocrx_word' id='word_1_83' title='bbox 277 1309 390 1371; x_wconf 87' lang='lat' dir='ltr'><strong>blarsus</strong></span> <span class='ocrx_word' id='word_1_84' title='bbox 412 1309 529 1372; x_wconf 86' lang='lat' dir='ltr'><strong>dicebat</strong></span> <span class='ocrx_word' id='word_1_85' title='bbox 551 1319 581 1371; x_wconf 88' lang='lat' dir='ltr'><strong>et</strong></span> <span class='ocrx_word' id='word_1_86' title='bbox 601 1308 744 1370; x_wconf 74' lang='lat' dir='ltr'>Hernicus</span> <span class='ocrx_word' id='word_1_87' title='bbox 767 1311 837 1372; x_wconf 86' lang='lat' dir='ltr'><strong>olim</strong></span> <span class='ocrx_word' id='word_1_88' title='bbox 1044 1321 1094 1376; x_wconf 78' lang='lat'><strong>180</strong></span> 
     </span>
     <span class='ocr_line' id='line_1_14' title="bbox 106 1392 884 1474; baseline 0.005 -22"><span class='ocrx_word' id='word_1_89' title='bbox 106 1392 302 1472; x_wconf 76' lang='lat' dir='ltr'><strong>Vestinusque</strong></span> <span class='ocrx_word' id='word_1_90' title='bbox 324 1411 432 1454; x_wconf 85' lang='lat' dir='ltr'><strong>senex:</strong></span> <span class='ocrx_word' id='word_1_91' title='bbox 457 1412 562 1474; x_wconf 91' lang='lat' dir='ltr'><strong>panem</strong></span> <span class='ocrx_word' id='word_1_92' title='bbox 582 1411 753 1473; x_wconf 76' lang='lat' dir='ltr'><strong>quaeramus</strong></span> <span class='ocrx_word' id='word_1_93' title='bbox 776 1404 884 1471; x_wconf 84' lang='lat' dir='ltr'><strong>aratro,</strong></span> 
     </span>
    </p>
   </div>
   <div class='ocr_carea' id='block_1_3' title="bbox 11 1476 966 1642">
    <p class='ocr_par' dir='ltr' id='par_1_11' title="bbox 11 1476 966 1642">
     <span class='ocr_line' id='line_1_15' title="bbox 11 1476 940 1556; baseline 0.008 -23"><span class='ocrx_word' id='word_1_94' title='bbox 11 1485 12 1554; x_wconf 45' lang='grc' dir='ltr'>ᾗ</span> <span class='ocrx_word' id='word_1_95' title='bbox 107 1476 163 1550; x_wconf 79' lang='lat' dir='ltr'><strong>Qui</strong></span> <span class='ocrx_word' id='word_1_96' title='bbox 190 1478 261 1536; x_wconf 87' lang='lat' dir='ltr'><strong>satis</strong></span> <span class='ocrx_word' id='word_1_97' title='bbox 288 1486 333 1537; x_wconf 92' lang='lat' dir='ltr'><strong>est</strong></span> <span class='ocrx_word' id='word_1_98' title='bbox 354 1477 479 1547; x_wconf 77' lang='lat' dir='ltr'><strong>niensis;</strong></span> <span class='ocrx_word' id='word_1_99' title='bbox 500 1479 618 1540; x_wconf 88' lang='lat' dir='ltr'><strong>laudaut</strong></span> <span class='ocrx_word' id='word_1_100' title='bbox 639 1478 697 1540; x_wconf 85' lang='lat' dir='ltr'><strong>boe</strong></span> <span class='ocrx_word' id='word_1_101' title='bbox 718 1479 831 1540; x_wconf 88' lang='lat' dir='ltr'><strong>numina</strong></span> <span class='ocrx_word' id='word_1_102' title='bbox 854 1481 940 1556; x_wconf 79' lang='lat' dir='ltr'><strong>ruris,</strong></span> 
     </span>
     <span class='ocr_line' id='line_1_16' title="bbox 11 1559 966 1642; baseline 0.008 -25"><span class='ocrx_word' id='word_1_103' title='bbox 11 1563 12 1606; x_wconf 66' lang='lat' dir='ltr'><strong>t</strong></span> <span class='ocrx_word' id='word_1_104' title='bbox 107 1559 236 1633; x_wconf 78' lang='lat' dir='ltr'><strong>Quorum</strong></span> <span class='ocrx_word' id='word_1_105' title='bbox 258 1576 316 1640; x_wconf 90' lang='lat' dir='ltr'><strong>ope</strong></span> <span class='ocrx_word' id='word_1_106' title='bbox 335 1569 365 1622; x_wconf 88' lang='lat' dir='ltr'><strong>et</strong></span> <span class='ocrx_word' id='word_1_107' title='bbox 390 1562 498 1623; x_wconf 84' lang='lat' dir='ltr'><strong>auxilio</strong></span> <span class='ocrx_word' id='word_1_108' title='bbox 521 1571 624 1641; x_wconf 73' lang='lat' dir='ltr'><strong>gratam</strong></span> <span class='ocrx_word' id='word_1_109' title='bbox 646 1570 715 1642; x_wconf 90' lang='lat' dir='ltr'><strong>post</strong></span> <span class='ocrx_word' id='word_1_110' title='bbox 734 1579 837 1623; x_wconf 89' lang='lat' dir='ltr'><strong>munus</strong></span> <span class='ocrx_word' id='word_1_111' title='bbox 859 1564 966 1625; x_wconf 89' lang='lat' dir='ltr'><strong>aristae</strong></span> 
     </span>
    </p>
   </div>
   <div class='ocr_carea' id='block_1_4' title="bbox 108 1640 836 1725">
    <p class='ocr_par' dir='ltr' id='par_1_12' title="bbox 108 1640 836 1725">
     <span class='ocr_line' id='line_1_17' title="bbox 108 1640 836 1725; baseline 0.004 -23"><span class='ocrx_word' id='word_1_112' title='bbox 108 1640 285 1721; x_wconf 81' lang='lat' dir='ltr'><strong>Contingunt</strong></span> <span class='ocrx_word' id='word_1_113' title='bbox 307 1643 414 1706; x_wconf 88' lang='lat' dir='ltr'><strong>bomini</strong></span> <span class='ocrx_word' id='word_1_114' title='bbox 430 1647 540 1707; x_wconf 83' lang='lat' dir='ltr'><strong>veteris</strong></span> <span class='ocrx_word' id='word_1_115' title='bbox 563 1646 679 1707; x_wconf 83' lang='lat' dir='ltr'><strong>fastidia</strong></span> <span class='ocrx_word' id='word_1_116' title='bbox 700 1664 836 1725; x_wconf 86' lang='lat' dir='ltr'><strong>quercus.</strong></span> 
     </span>
    </p>
   </div>
   <div class='ocr_carea' id='block_1_5' title="bbox 11 1724 1092 1809">
    <p class='ocr_par' dir='ltr' id='par_1_13' title="bbox 11 1724 1092 1809">
     <span class='ocr_line' id='line_1_18' title="bbox 11 1724 1092 1809; baseline 0.011 -25"><span class='ocrx_word' id='word_1_117' title='bbox 11 1751 12 1758; x_wconf 46' lang='lat'>¹</span> <span class='ocrx_word' id='word_1_118' title='bbox 105 1724 154 1785; x_wconf 84' lang='lat' dir='ltr'><strong>Nil</strong></span> <span class='ocrx_word' id='word_1_119' title='bbox 178 1728 299 1788; x_wconf 85' lang='lat' dir='ltr'><strong>vetitum</strong></span> <span class='ocrx_word' id='word_1_120' title='bbox 320 1729 430 1790; x_wconf 89' lang='lat' dir='ltr'><strong>iecisse</strong></span> <span class='ocrx_word' id='word_1_121' title='bbox 451 1730 550 1806; x_wconf 87' lang='lat' dir='ltr'><strong>velet,</strong></span> <span class='ocrx_word' id='word_1_122' title='bbox 578 1747 663 1809; x_wconf 90' lang='lat' dir='ltr'><strong>quem</strong></span> <span class='ocrx_word' id='word_1_123' title='bbox 684 1747 742 1790; x_wconf 89' lang='lat' dir='ltr'><strong>non</strong></span> <span class='ocrx_word' id='word_1_124' title='bbox 766 1731 857 1808; x_wconf 93' lang='lat' dir='ltr'><strong>pudet</strong></span> <span class='ocrx_word' id='word_1_125' title='bbox 882 1731 941 1791; x_wconf 88' lang='lat' dir='ltr'><strong>alto</strong></span> <span class='ocrx_word' id='word_1_126' title='bbox 1042 1741 1092 1796; x_wconf 77' lang='lat'><strong>185</strong></span> 
     </span>
    </p>
   </div>
   <div class='ocr_carea' id='block_1_6' title="bbox 104 1807 1092 3229">
    <p class='ocr_par' dir='ltr' id='par_1_14' title="bbox 105 1807 910 1891">
     <span class='ocr_line' id='line_1_19' title="bbox 105 1807 910 1891; baseline 0.002 -21"><span class='ocrx_word' id='word_1_127' title='bbox 105 1807 162 1870; x_wconf 91' lang='lat' dir='ltr'><strong>Per</strong></span> <span class='ocrx_word' id='word_1_128' title='bbox 183 1810 309 1888; x_wconf 78' lang='lat' dir='ltr'><strong>glaciem</strong></span> <span class='ocrx_word' id='word_1_129' title='bbox 330 1829 442 1891; x_wconf 86' lang='lat' dir='ltr'><strong>perone</strong></span> <span class='ocrx_word' id='word_1_130' title='bbox 464 1815 541 1890; x_wconf 78' lang='lat' dir='ltr'><strong>tegi,</strong></span> <span class='ocrx_word' id='word_1_131' title='bbox 566 1815 615 1890; x_wconf 86' lang='lat' dir='ltr'><strong>qui</strong></span> <span class='ocrx_word' id='word_1_132' title='bbox 638 1822 800 1874; x_wconf 85' lang='lat' dir='ltr'><strong>summovet</strong></span> <span class='ocrx_word' id='word_1_133' title='bbox 824 1831 910 1874; x_wconf 84' lang='lat' dir='ltr'><strong>eures</strong></span> 
     </span>
    </p>

    <p class='ocr_par' dir='ltr' id='par_1_15' title="bbox 107 1892 864 1976">
     <span class='ocr_line' id='line_1_20' title="bbox 107 1892 864 1976; baseline 0 -20"><span class='ocrx_word' id='word_1_134' title='bbox 107 1892 235 1956; x_wconf 84' lang='lat' dir='ltr'><strong>Pellibus</strong></span> <span class='ocrx_word' id='word_1_135' title='bbox 257 1897 397 1966; x_wconf 78' lang='lat' dir='ltr'><strong>inversis3</strong></span> <span class='ocrx_word' id='word_1_136' title='bbox 422 1896 578 1976; x_wconf 86' lang='lat' dir='ltr'><strong>peregrina</strong></span> <span class='ocrx_word' id='word_1_137' title='bbox 598 1897 756 1974; x_wconf 82' lang='lat' dir='ltr'><strong>ignotaque</strong></span> <span class='ocrx_word' id='word_1_138' title='bbox 779 1896 864 1957; x_wconf 90' lang='lat' dir='ltr'><strong>nobis</strong></span> 
     </span>
    </p>

    <p class='ocr_par' dir='ltr' id='par_1_16' title="bbox 106 1977 1069 2144">
     <span class='ocr_line' id='line_1_21' title="bbox 106 1977 1069 2061; baseline 0.003 -24"><span class='ocrx_word' id='word_1_139' title='bbox 106 1977 151 2038; x_wconf 84' lang='lat' dir='ltr'><strong>Ad</strong></span> <span class='ocrx_word' id='word_1_140' title='bbox 173 1978 274 2040; x_wconf 89' lang='lat' dir='ltr'><strong>scelus</strong></span> <span class='ocrx_word' id='word_1_141' title='bbox 296 1989 384 2059; x_wconf 90' lang='lat' dir='ltr'><strong>atque</strong></span> <span class='ocrx_word' id='word_1_142' title='bbox 403 1980 503 2057; x_wconf 82' lang='lat' dir='ltr'><strong>nefas,</strong></span> <span class='ocrx_word' id='word_1_143' title='bbox 526 1995 725 2059; x_wconf 84' lang='lat' dir='ltr'><strong>quaecumque</strong></span> <span class='ocrx_word' id='word_1_144' title='bbox 750 1989 810 2058; x_wconf 82' lang='lat' dir='ltr'><strong>est,</strong></span> <span class='ocrx_word' id='word_1_145' title='bbox 832 1998 959 2061; x_wconf 87' lang='lat' dir='ltr'><strong>purpura</strong></span> <span class='ocrx_word' id='word_1_146' title='bbox 982 1979 1069 2042; x_wconf 88' lang='lat' dir='ltr'><strong>ducit.</strong></span> 
     </span>
     <span class='ocr_line' id='line_1_22' title="bbox 146 2060 965 2144; baseline 0.004 -24"><span class='ocrx_word' id='word_1_147' title='bbox 146 2060 228 2122; x_wconf 89' lang='lat' dir='ltr'><strong>Haec</strong></span> <span class='ocrx_word' id='word_1_148' title='bbox 253 2063 296 2125; x_wconf 91' lang='lat' dir='ltr'><strong>illi</strong></span> <span class='ocrx_word' id='word_1_149' title='bbox 316 2073 435 2125; x_wconf 85' lang='lat' dir='ltr'><strong>veteres</strong></span> <span class='ocrx_word' id='word_1_150' title='bbox 463 2073 624 2144; x_wconf 83' lang='lat' dir='ltr'><strong>praecepta</strong></span> <span class='ocrx_word' id='word_1_151' title='bbox 645 2063 819 2126; x_wconf 85' lang='lat' dir='ltr'><strong>minoribus:</strong></span> <span class='ocrx_word' id='word_1_152' title='bbox 841 2075 870 2126; x_wconf 86' lang='lat' dir='ltr'><strong>at</strong></span> <span class='ocrx_word' id='word_1_153' title='bbox 890 2081 965 2124; x_wconf 86' lang='lat' dir='ltr'><strong>nunc</strong></span> 
     </span>
    </p>

    <p class='ocr_par' dir='ltr' id='par_1_17' title="bbox 105 2144 1092 2228">
     <span class='ocr_line' id='line_1_23' title="bbox 105 2144 1092 2228; baseline 0.006 -24"><span class='ocrx_word' id='word_1_154' title='bbox 105 2144 176 2205; x_wconf 87' lang='lat' dir='ltr'><strong>Post</strong></span> <span class='ocrx_word' id='word_1_155' title='bbox 197 2146 283 2207; x_wconf 89' lang='lat' dir='ltr'><strong>linem</strong></span> <span class='ocrx_word' id='word_1_156' title='bbox 307 2150 433 2210; x_wconf 81' lang='lat' dir='ltr'><strong>autumni</strong></span> <span class='ocrx_word' id='word_1_157' title='bbox 456 2148 550 2209; x_wconf 89' lang='lat' dir='ltr'><strong>media</strong></span> <span class='ocrx_word' id='word_1_158' title='bbox 572 2149 609 2209; x_wconf 90' lang='lat' dir='ltr'><strong>de</strong></span> <span class='ocrx_word' id='word_1_159' title='bbox 633 2157 720 2208; x_wconf 87' lang='lat' dir='ltr'><strong>nocte</strong></span> <span class='ocrx_word' id='word_1_160' title='bbox 744 2150 877 2228; x_wconf 89' lang='lat' dir='ltr'><strong>supinum</strong></span> <span class='ocrx_word' id='word_1_161' title='bbox 1040 2157 1092 2211; x_wconf 80' lang='lat'><strong>190</strong></span> 
     </span>
    </p>

    <p class='ocr_par' dir='ltr' id='par_1_18' title="bbox 105 2225 937 2313">
     <span class='ocr_line' id='line_1_24' title="bbox 105 2225 937 2313; baseline 0.002 -25"><span class='ocrx_word' id='word_1_162' title='bbox 105 2225 260 2290; x_wconf 74' lang='lat' dir='ltr'><strong>clamosus</strong></span> <span class='ocrx_word' id='word_1_163' title='bbox 283 2233 418 2293; x_wconf 85' lang='lat' dir='ltr'><strong>iuvenem</strong></span> <span class='ocrx_word' id='word_1_164' title='bbox 442 2241 528 2313; x_wconf 89' lang='lat' dir='ltr'><strong>pater</strong></span> <span class='ocrx_word' id='word_1_165' title='bbox 548 2233 672 2293; x_wconf 86' lang='lat' dir='ltr'><strong>excitat:</strong></span> <span class='ocrx_word' id='word_1_166' title='bbox 703 2232 818 2313; x_wconf 79' lang='lat' dir='ltr'><strong>Accipe</strong></span> <span class='ocrx_word' id='word_1_167' title='bbox 842 2249 937 2306; x_wconf 84' lang='lat' dir='ltr'><strong>ceras,</strong></span> 
     </span>
    </p>

    <p class='ocr_par' dir='ltr' id='par_1_19' title="bbox 105 2311 963 2394">
     <span class='ocr_line' id='line_1_25' title="bbox 105 2311 963 2394; baseline 0.002 -23"><span class='ocrx_word' id='word_1_168' title='bbox 105 2311 227 2391; x_wconf 81' lang='lat' dir='ltr'><strong>Scribe,</strong></span> <span class='ocrx_word' id='word_1_169' title='bbox 250 2332 340 2394; x_wconf 87' lang='lat' dir='ltr'><strong>puer,</strong></span> <span class='ocrx_word' id='word_1_170' title='bbox 362 2315 471 2394; x_wconf 85' lang='lat' dir='ltr'><strong>vigila,</strong></span> <span class='ocrx_word' id='word_1_171' title='bbox 493 2333 598 2378; x_wconf 90' lang='lat' dir='ltr'><strong>causas</strong></span> <span class='ocrx_word' id='word_1_172' title='bbox 620 2333 692 2394; x_wconf 86' lang='lat' dir='ltr'><strong>age,</strong></span> <span class='ocrx_word' id='word_1_173' title='bbox 715 2317 838 2394; x_wconf 81' lang='lat' dir='ltr'><strong>perlege</strong></span> <span class='ocrx_word' id='word_1_174' title='bbox 861 2314 963 2376; x_wconf 85' lang='lat' dir='ltr'><strong>rubras</strong></span> 
     </span>
    </p>

    <p class='ocr_par' dir='ltr' id='par_1_20' title="bbox 104 2394 786 2478">
     <span class='ocr_line' id='line_1_26' title="bbox 104 2394 786 2478; baseline 0.007 -24"><span class='ocrx_word' id='word_1_175' title='bbox 104 2394 246 2457; x_wconf 87' lang='lat' dir='ltr'><strong>bleiorum</strong></span> <span class='ocrx_word' id='word_1_176' title='bbox 272 2397 356 2477; x_wconf 89' lang='lat' dir='ltr'><strong>leges</strong></span> <span class='ocrx_word' id='word_1_177' title='bbox 379 2409 428 2460; x_wconf 90' lang='lat' dir='ltr'><strong>aut</strong></span> <span class='ocrx_word' id='word_1_178' title='bbox 449 2402 537 2461; x_wconf 81' lang='lat' dir='ltr'><strong>vitem</strong></span> <span class='ocrx_word' id='word_1_179' title='bbox 558 2417 651 2478; x_wconf 86' lang='lat' dir='ltr'><strong>posce</strong></span> <span class='ocrx_word' id='word_1_180' title='bbox 673 2399 786 2463; x_wconf 87' lang='lat' dir='ltr'><strong>libello.</strong></span> 
     </span>
    </p>

    <p class='ocr_par' dir='ltr' id='par_1_21' title="bbox 105 2479 845 2562">
     <span class='ocr_line' id='line_1_27' title="bbox 105 2479 845 2562; baseline 0.001 -23"><span class='ocrx_word' id='word_1_181' title='bbox 105 2479 166 2539; x_wconf 87' lang='lat' dir='ltr'><strong>Sed</strong></span> <span class='ocrx_word' id='word_1_182' title='bbox 194 2490 281 2561; x_wconf 86' lang='lat' dir='ltr'><strong>caput</strong></span> <span class='ocrx_word' id='word_1_183' title='bbox 301 2483 439 2542; x_wconf 91' lang='lat' dir='ltr'><strong>intactum</strong></span> <span class='ocrx_word' id='word_1_184' title='bbox 463 2483 541 2544; x_wconf 89' lang='lat' dir='ltr'><strong>buxo</strong></span> <span class='ocrx_word' id='word_1_185' title='bbox 567 2500 712 2561; x_wconf 84' lang='lat' dir='ltr'><strong>naresque</strong></span> <span class='ocrx_word' id='word_1_186' title='bbox 735 2483 845 2562; x_wconf 88' lang='lat' dir='ltr'><strong>pilosas</strong></span> 
     </span>
    </p>

    <p class='ocr_par' dir='ltr' id='par_1_22' title="bbox 105 2564 1090 2643">
     <span class='ocr_line' id='line_1_28' title="bbox 105 2564 1090 2643; baseline 0.006 -21"><span class='ocrx_word' id='word_1_187' title='bbox 105 2564 235 2625; x_wconf 81' lang='lat' dir='ltr'><strong>Anactet</strong></span> <span class='ocrx_word' id='word_1_188' title='bbox 256 2574 286 2626; x_wconf 89' lang='lat' dir='ltr'><strong>ct</strong></span> <span class='ocrx_word' id='word_1_189' title='bbox 309 2566 437 2643; x_wconf 77' lang='lat' dir='ltr'><strong>grandes</strong></span> <span class='ocrx_word' id='word_1_190' title='bbox 460 2567 579 2627; x_wconf 91' lang='lat' dir='ltr'><strong>miretur</strong></span> <span class='ocrx_word' id='word_1_191' title='bbox 604 2565 719 2626; x_wconf 87' lang='lat' dir='ltr'><strong>baelius</strong></span> <span class='ocrx_word' id='word_1_192' title='bbox 743 2565 815 2626; x_wconf 88' lang='lat' dir='ltr'><strong>alas.</strong></span> <span class='ocrx_word' id='word_1_193' title='bbox 1039 2575 1090 2630; x_wconf 76' lang='lat'><strong>195</strong></span> 
     </span>
    </p>

    <p class='ocr_par' dir='ltr' id='par_1_23' title="bbox 105 2646 897 2728">
     <span class='ocr_line' id='line_1_29' title="bbox 105 2646 897 2728; baseline 0.001 -21"><span class='ocrx_word' id='word_1_194' title='bbox 105 2646 196 2708; x_wconf 88' lang='lat' dir='ltr'><strong>Dirue</strong></span> <span class='ocrx_word' id='word_1_195' title='bbox 217 2646 382 2711; x_wconf 86' lang='lat' dir='ltr'><strong>blaurorum</strong></span> <span class='ocrx_word' id='word_1_196' title='bbox 408 2650 549 2728; x_wconf 80' lang='lat' dir='ltr'><strong>attegias,</strong></span> <span class='ocrx_word' id='word_1_197' title='bbox 578 2648 699 2710; x_wconf 86' lang='lat' dir='ltr'><strong>castella</strong></span> <span class='ocrx_word' id='word_1_198' title='bbox 721 2649 897 2728; x_wconf 80' lang='lat' dir='ltr'><strong>Brigantum,</strong></span> 
     </span>
    </p>

    <p class='ocr_par' dir='ltr' id='par_1_24' title="bbox 104 2729 904 2813">
     <span class='ocr_line' id='line_1_30' title="bbox 104 2729 904 2813; baseline 0.001 -23"><span class='ocrx_word' id='word_1_199' title='bbox 104 2729 144 2791; x_wconf 84' lang='lat' dir='ltr'><strong>Ut</strong></span> <span class='ocrx_word' id='word_1_200' title='bbox 166 2731 345 2812; x_wconf 79' lang='lat' dir='ltr'><strong>locupletem</strong></span> <span class='ocrx_word' id='word_1_201' title='bbox 368 2734 493 2813; x_wconf 83' lang='lat' dir='ltr'><strong>aquilam</strong></span> <span class='ocrx_word' id='word_1_202' title='bbox 514 2732 566 2794; x_wconf 89' lang='lat' dir='ltr'><strong>tibi</strong></span> <span class='ocrx_word' id='word_1_203' title='bbox 591 2735 791 2811; x_wconf 86' lang='lat' dir='ltr'><strong>sexagesimus</strong></span> <span class='ocrx_word' id='word_1_204' title='bbox 815 2750 904 2792; x_wconf 85' lang='lat' dir='ltr'><strong>annus</strong></span> 
     </span>
    </p>

    <p class='ocr_par' dir='ltr' id='par_1_25' title="bbox 106 2814 884 2896">
     <span class='ocr_line' id='line_1_31' title="bbox 106 2814 884 2896; baseline 0.004 -23"><span class='ocrx_word' id='word_1_205' title='bbox 106 2814 233 2884; x_wconf 78' lang='lat' dir='ltr'><strong>Aderat:</strong></span> <span class='ocrx_word' id='word_1_206' title='bbox 256 2827 321 2894; x_wconf 80' lang='lat' dir='ltr'><strong>aut,</strong></span> <span class='ocrx_word' id='word_1_207' title='bbox 347 2816 453 2896; x_wconf 88' lang='lat' dir='ltr'><strong>longos</strong></span> <span class='ocrx_word' id='word_1_208' title='bbox 481 2827 640 2880; x_wconf 89' lang='lat' dir='ltr'><strong>castrorum</strong></span> <span class='ocrx_word' id='word_1_209' title='bbox 665 2818 744 2879; x_wconf 85' lang='lat' dir='ltr'><strong>ierre</strong></span> <span class='ocrx_word' id='word_1_210' title='bbox 766 2816 884 2878; x_wconf 87' lang='lat' dir='ltr'><strong>labores</strong></span> 
     </span>
    </p>

    <p class='ocr_par' dir='ltr' id='par_1_26' title="bbox 106 2900 956 2980">
     <span class='ocr_line' id='line_1_32' title="bbox 106 2900 956 2980; baseline 0 -22"><span class='ocrx_word' id='word_1_211' title='bbox 106 2900 137 2959; x_wconf 90' lang='lat' dir='ltr'><strong>Si</strong></span> <span class='ocrx_word' id='word_1_212' title='bbox 159 2900 242 2979; x_wconf 88' lang='lat' dir='ltr'><strong>piget</strong></span> <span class='ocrx_word' id='word_1_213' title='bbox 266 2909 295 2960; x_wconf 91' lang='lat' dir='ltr'><strong>et</strong></span> <span class='ocrx_word' id='word_1_214' title='bbox 319 2903 461 2980; x_wconf 92' lang='lat' dir='ltr'><strong>trepidum</strong></span> <span class='ocrx_word' id='word_1_215' title='bbox 484 2903 601 2963; x_wconf 85' lang='lat' dir='ltr'><strong>solvunt</strong></span> <span class='ocrx_word' id='word_1_216' title='bbox 621 2901 672 2962; x_wconf 92' lang='lat' dir='ltr'><strong>tibi</strong></span> <span class='ocrx_word' id='word_1_217' title='bbox 699 2918 806 2962; x_wconf 87' lang='lat' dir='ltr'><strong>cornua</strong></span> <span class='ocrx_word' id='word_1_218' title='bbox 827 2909 956 2959; x_wconf 86' lang='lat' dir='ltr'><strong>ventrem</strong></span> 
     </span>
    </p>

    <p class='ocr_par' dir='ltr' id='par_1_27' title="bbox 107 2980 1090 3064">
     <span class='ocr_line' id='line_1_33' title="bbox 107 2980 1090 3064; baseline 0.003 -22"><span class='ocrx_word' id='word_1_219' title='bbox 107 2980 178 3042; x_wconf 80' lang='lat' dir='ltr'><strong>Gum</strong></span> <span class='ocrx_word' id='word_1_220' title='bbox 202 2982 280 3044; x_wconf 90' lang='lat' dir='ltr'><strong>lituis</strong></span> <span class='ocrx_word' id='word_1_221' title='bbox 304 2983 416 3061; x_wconf 86' lang='lat' dir='ltr'><strong>audita,</strong></span> <span class='ocrx_word' id='word_1_222' title='bbox 441 3005 529 3064; x_wconf 90' lang='lat' dir='ltr'><strong>pares</strong></span> <span class='ocrx_word' id='word_1_223' title='bbox 552 2985 629 3064; x_wconf 87' lang='lat' dir='ltr'><strong>quod</strong></span> <span class='ocrx_word' id='word_1_224' title='bbox 649 2985 779 3045; x_wconf 90' lang='lat' dir='ltr'><strong>vendere</strong></span> <span class='ocrx_word' id='word_1_225' title='bbox 800 2984 898 3061; x_wconf 86' lang='lat' dir='ltr'><strong>possis</strong></span> <span class='ocrx_word' id='word_1_226' title='bbox 1038 2993 1090 3045; x_wconf 76' lang='lat'>‘200</span> 
     </span>
    </p>

    <p class='ocr_par' dir='ltr' id='par_1_28' title="bbox 105 3065 761 3143">
     <span class='ocr_line' id='line_1_34' title="bbox 105 3065 761 3143; baseline 0.002 -18"><span class='ocrx_word' id='word_1_227' title='bbox 105 3065 199 3126; x_wconf 88' lang='lat' dir='ltr'><strong>Pluris</strong></span> <span class='ocrx_word' id='word_1_228' title='bbox 226 3067 359 3143; x_wconf 91' lang='lat' dir='ltr'><strong>dimidio,</strong></span> <span class='ocrx_word' id='word_1_229' title='bbox 385 3086 441 3128; x_wconf 90' lang='lat' dir='ltr'><strong>nec</strong></span> <span class='ocrx_word' id='word_1_230' title='bbox 464 3078 494 3129; x_wconf 92' lang='lat' dir='ltr'><strong>te</strong></span> <span class='ocrx_word' id='word_1_231' title='bbox 515 3069 629 3129; x_wconf 84' lang='lat' dir='ltr'><strong>fastidia</strong></span> <span class='ocrx_word' id='word_1_232' title='bbox 655 3067 761 3128; x_wconf 89' lang='lat' dir='ltr'><strong>mercis</strong></span> 
     </span>
    </p>

    <p class='ocr_par' dir='ltr' id='par_1_29' title="bbox 105 3149 809 3229">
     <span class='ocr_line' id='line_1_35' title="bbox 105 3149 809 3229; baseline 0 -20"><span class='ocrx_word' id='word_1_233' title='bbox 105 3149 200 3210; x_wconf 89' lang='lat' dir='ltr'><strong>Ullius</strong></span> <span class='ocrx_word' id='word_1_234' title='bbox 223 3149 346 3211; x_wconf 90' lang='lat' dir='ltr'><strong>subeant</strong></span> <span class='ocrx_word' id='word_1_235' title='bbox 372 3151 552 3229; x_wconf 86' lang='lat' dir='ltr'><strong>ablegandae</strong></span> <span class='ocrx_word' id='word_1_236' title='bbox 576 3151 702 3212; x_wconf 86' lang='lat' dir='ltr'><strong>Tiberim</strong></span> <span class='ocrx_word' id='word_1_237' title='bbox 723 3150 809 3228; x_wconf 86' lang='lat' dir='ltr'><strong>ultra,</strong></span> 
     </span>
    </p>
   </div>
   <div class='ocr_carea' id='block_1_7' title="bbox 14 3232 904 3314">
    <p class='ocr_par' dir='ltr' id='par_1_30' title="bbox 14 3232 904 3314">
     <span class='ocr_line' id='line_1_36' title="bbox 14 3232 904 3314; baseline 0.001 -22"><span class='ocrx_word' id='word_1_238' title='bbox 14 3285 15 3310; x_wconf 33' lang='lat' dir='ltr'><strong>p</strong></span> <span class='ocrx_word' id='word_1_239' title='bbox 105 3232 169 3293; x_wconf 90' lang='lat' dir='ltr'><strong>Neu</strong></span> <span class='ocrx_word' id='word_1_240' title='bbox 192 3235 296 3295; x_wconf 88' lang='lat' dir='ltr'><strong>credas</strong></span> <span class='ocrx_word' id='word_1_241' title='bbox 322 3236 485 3313; x_wconf 92' lang='lat' dir='ltr'><strong>ponendum</strong></span> <span class='ocrx_word' id='word_1_242' title='bbox 507 3235 614 3314; x_wconf 83' lang='lat' dir='ltr'><strong>aliquid</strong></span> <span class='ocrx_word' id='word_1_243' title='bbox 637 3234 808 3295; x_wconf 85' lang='lat' dir='ltr'><strong>discriminis</strong></span> <span class='ocrx_word' id='word_1_244' title='bbox 829 3235 904 3295; x_wconf 90' lang='lat' dir='ltr'><strong>inter</strong></span> 
     </span>
    </p>
   </div>
   <div class='ocr_carea' id='block_1_8' title="bbox 105 3316 1090 3566">
    <p class='ocr_par' dir='ltr' id='par_1_31' title="bbox 105 3316 1090 3566">
     <span class='ocr_line' id='line_1_37' title="bbox 105 3316 975 3395; baseline 0.001 -19"><span class='ocrx_word' id='word_1_245' title='bbox 105 3316 259 3395; x_wconf 88' lang='lat' dir='ltr'><strong>Unguenta</strong></span> <span class='ocrx_word' id='word_1_246' title='bbox 281 3328 311 3379; x_wconf 90' lang='lat' dir='ltr'><strong>et</strong></span> <span class='ocrx_word' id='word_1_247' title='bbox 334 3319 453 3384; x_wconf 90' lang='lat' dir='ltr'><strong>corium.</strong></span> <span class='ocrx_word' id='word_1_248' title='bbox 489 3318 574 3380; x_wconf 85' lang='lat' dir='ltr'><strong>Lucri</strong></span> <span class='ocrx_word' id='word_1_249' title='bbox 596 3318 689 3379; x_wconf 91' lang='lat' dir='ltr'><strong>bonus</strong></span> <span class='ocrx_word' id='word_1_250' title='bbox 716 3328 761 3380; x_wconf 87' lang='lat' dir='ltr'><strong>est</strong></span> <span class='ocrx_word' id='word_1_251' title='bbox 786 3318 859 3379; x_wconf 90' lang='lat' dir='ltr'><strong>odor</strong></span> <span class='ocrx_word' id='word_1_252' title='bbox 884 3337 920 3378; x_wconf 85' lang='lat' dir='ltr'><strong>ex</strong></span> <span class='ocrx_word' id='word_1_253' title='bbox 943 3336 975 3377; x_wconf 88' lang='lat' dir='ltr'><strong>re</strong></span> 
     </span>
     <span class='ocr_line' id='line_1_38' title="bbox 107 3399 1090 3482; baseline -0.001 -22"><span class='ocrx_word' id='word_1_254' title='bbox 107 3399 257 3473; x_wconf 87' lang='lat' dir='ltr'><strong>Qualibet:</strong></span> <span class='ocrx_word' id='word_1_255' title='bbox 281 3402 330 3462; x_wconf 88' lang='lat' dir='ltr'><strong>illa</strong></span> <span class='ocrx_word' id='word_1_256' title='bbox 353 3411 403 3463; x_wconf 92' lang='lat' dir='ltr'><strong>tuo</strong></span> <span class='ocrx_word' id='word_1_257' title='bbox 427 3405 569 3465; x_wconf 89' lang='lat' dir='ltr'><strong>sententia</strong></span> <span class='ocrx_word' id='word_1_258' title='bbox 593 3421 709 3482; x_wconf 89' lang='lat' dir='ltr'><strong>semper</strong></span> <span class='ocrx_word' id='word_1_259' title='bbox 731 3403 759 3462; x_wconf 91' lang='lat' dir='ltr'><strong>in</strong></span> <span class='ocrx_word' id='word_1_260' title='bbox 781 3419 834 3463; x_wconf 88' lang='lat' dir='ltr'><strong>ore</strong></span> <span class='ocrx_word' id='word_1_261' title='bbox 1038 3409 1090 3463; x_wconf 68' lang='lat'><strong>5105</strong></span> 
     </span>
     <span class='ocr_line' id='line_1_39' title="bbox 107 3483 852 3566; baseline 0.008 -23"><span class='ocrx_word' id='word_1_262' title='bbox 107 3483 265 3565; x_wconf 88' lang='lat' dir='ltr'><strong>Versetur,</strong></span> <span class='ocrx_word' id='word_1_263' title='bbox 289 3485 333 3546; x_wconf 92' lang='lat' dir='ltr'><strong>dis</strong></span> <span class='ocrx_word' id='word_1_264' title='bbox 355 3495 441 3565; x_wconf 87' lang='lat' dir='ltr'><strong>atque</strong></span> <span class='ocrx_word' id='word_1_265' title='bbox 463 3489 527 3566; x_wconf 92' lang='lat' dir='ltr'><strong>ipso</strong></span> <span class='ocrx_word' id='word_1_266' title='bbox 554 3487 624 3549; x_wconf 84' lang='lat' dir='ltr'><strong>love</strong></span> <span class='ocrx_word' id='word_1_267' title='bbox 648 3488 732 3564; x_wconf 87' lang='lat' dir='ltr'><strong>digna</strong></span> <span class='ocrx_word' id='word_1_268' title='bbox 755 3495 852 3564; x_wconf 74' lang='lat' dir='ltr'><strong>poeta,</strong></span> 
     </span>
    </p>
   </div>
   <div class='ocr_carea' id='block_1_9' title="bbox 0 0 1300 3946">
    <p class='ocr_par' dir='ltr' id='par_1_32' title="bbox 0 0 1300 3946">
     <span class='ocr_line' id='line_1_40' title="bbox 0 0 1300 3946; baseline 0 1"><span class='ocrx_word' id='word_1_269' title='bbox 0 0 1300 3946; x_wconf 95' lang='lat' dir='ltr'><strong> </strong></span> 
     </span>
    </p>
   </div>
  </div>
 </body>
</html>
