2590 3946
500 240 628 292 SATIRA
649 242 711 290 vn.

109 381 288 462 Componis,
309 379 384 440 dona
405 379 547 456 Veneris,
570 378 729 454 helesiae,
751 379 870 449 marito3

107 467 169 528 Aut
192 463 296 527 claude
319 473 349 524 et
369 464 483 542 positos
504 465 582 527 tinea
607 463 751 541 pertunde
775 462 904 527 libellos.

107 549 226 626 Frange
245 548 334 608 miser
355 547 483 608 calamos
504 546 683 626 vigilataque
704 547 818 624 proelia
841 544 930 641 delej

109 633 167 707 Qui
188 632 262 692 lacis
283 633 313 691 in
334 648 424 709 parua
444 630 577 698 sublimia
599 631 724 691 carmina
747 628 835 704 cella,

107 716 148 778 Ut
171 717 273 793 dignus
293 715 396 775 venias
417 715 536 785 hederis
559 722 589 776 et
608 713 732 790 imagine
753 730 861 782 macra.

109 801 187 879 Spes
209 797 287 858 nulla
308 798 443 867 ulterior;
467 798 566 866 didicit
589 799 644 858 iam
664 797 747 866 dives
768 813 871 857 avarus

109 883 231 944 'lantum
252 881 402 958 admirari,
423 889 531 942 tantum
551 881 672 948 laudare
695 881 833 955 disertos,

109 967 148 1028 Ut
167 967 250 1045 pueri
268 964 387 1026 lunonis
409 982 502 1026 avem.
547 963 608 1024 Sed
629 963 728 1032 delinit
749 973 830 1027 aetas

107 1049 148 1110 Et
165 1049 264 1128 pelagi
285 1050 400 1127 patiens
422 1056 452 1112 et
473 1047 595 1117 cassidis
617 1055 704 1127 atque
726 1047 843 1124 ligonis.

109 1132 220 1196 'l'aedia
243 1141 311 1192 tnnc
333 1131 458 1200 subeunt
480 1132 606 1206 ammos,
629 1139 697 1190 tunc
719 1147 812 1210 seque
836 1147 975 1209 suamque

109 1215 330 1295 Terpsichoren
351 1216 412 1279 odit
433 1214 558 1281 lacunda
579 1224 608 1274 et
631 1214 706 1274 nuda
727 1223 873 1284 senectus.

153 1300 267 1379 Accipe
289 1317 364 1362 nnnc
388 1308 483 1375 artas,
505 1315 543 1358 ne
565 1299 635 1378 quid
656 1297 707 1358 tibi
729 1297 949 1374 sceleratius,

109 1383 205 1459 Quem
228 1383 302 1445 colis
340 1392 370 1444 et
390 1382 534 1447 Musarum
554 1392 584 1444 et
600 1380 747 1460 Apollinis
769 1380 845 1450 aede
867 1379 980 1451 relicta.

108 1467 179 1547 lpse
199 1467 269 1527 lacit
288 1485 392 1528 versus
413 1476 502 1547 atque
524 1467 572 1526 uni
592 1465 669 1534 cadit
689 1464 818 1534 Homero

109 1550 234 1629 Propter
254 1550 334 1611 mille
356 1567 461 1622 anuatt
481 1560 511 1610 tu
532 1551 555 1610 si
578 1548 733 1613 dulcedine
755 1548 850 1611 lamae

109 1636 277 1697 succensus
296 1636 423 1711 recites,
442 1633 609 1699 maculosas
631 1632 795 1703 commodat
815 1631 923 1704 aedes:

109 1717 191 1780 llaec
213 1719 302 1796 longe
324 1719 434 1779 ferrata
456 1719 558 1785 domus
581 1718 694 1788 seruire
717 1716 843 1791 iubetur,

109 1803 143 1864 ln
164 1821 220 1882 qna
244 1801 385 1864 sollicitas
408 1803 532 1865 imitatur
551 1802 636 1876 ianua
657 1808 769 1879 portas.

110 1887 172 1947 Scit
194 1885 264 1947 dare
286 1884 410 1947 libertos
434 1893 564 1947 extrema
584 1886 614 1944 in
634 1891 719 1962 parte
739 1881 879 1958 sedentes

110 1968 227 2029 Ordinis
245 1977 274 2029 et
296 1987 416 2048 magnas
437 1969 571 2030 comitum
592 1967 752 2044 disponere
777 1981 884 2033 voces;

109 2052 204 2113 Nemo
227 2051 445 2131 subirrogata,
469 2053 566 2131 quanti
589 2049 730 2112 subsellia
752 2056 896 2124 constant,

109 2135 149 2196 Et
173 2152 247 2215 quae
269 2136 414 2197 conducto
436 2135 566 2215 pendent
586 2133 745 2196 anabathra
766 2131 874 2210 tigillo,

110 2218 255 2299 Quaeque
273 2220 459 2298 reportandis
480 2221 576 2299 posita
598 2227 644 2280 est
666 2217 819 2279 orchestra
840 2214 996 2280 cathedris.

109 2301 174 2364 llos
193 2312 289 2364 tamen
311 2303 368 2364 hoc
389 2305 501 2382 agimus
521 2304 658 2382 tenuique
679 2304 709 2362 in
729 2300 852 2380 puluere
878 2297 976 2360 sulcos

110 2387 250 2448 Docimus
269 2395 299 2448 et
319 2386 387 2448 litus
409 2387 502 2450 sterili
522 2404 675 2448 versamus
697 2393 804 2446 aratro.

110 2469 184 2532 Nam
206 2471 231 2530 si
252 2471 404 2547 discedas,
428 2471 535 2548 laqueo
556 2478 638 2532 tenet
659 2467 803 2531 ambitiosi

111 2552 302 2615 consuetudo
324 2553 404 2622 mall;
428 2563 510 2615 tenet
530 2552 690 2614 insanabile
708 2550 816 2612 multos

111 2637 265 2700 scribendi
288 2637 447 2706 cacoethes
470 2646 499 2697 et
518 2654 610 2714 aegro
629 2637 659 2696 in
682 2635 774 2697 corde
792 2634 932 2696 senescit.

112 2719 172 2782 Sed
194 2729 291 2783 vatem
312 2723 479 2800 egregium,
502 2720 548 2781 oni
570 2737 627 2782 non
650 2721 687 2790 sit
708 2718 825 2799 publica
847 2735 932 2794 vena,

111 2804 170 2878 Qui
192 2804 262 2865 nihil
284 2806 449 2884 expositum
472 2804 568 2868 soleat
589 2804 754 2881 deducere,
777 2821 834 2864 noc
856 2803 904 2881 qui

112 2886 265 2949 (lommnni
282 2888 367 2950 leriat
389 2907 506 2950 carmen
526 2889 641 2949 triviale
659 2897 786 2963 moneta,

112 2971 212 3050 Hune,
235 2971 350 3051 qualem
371 2989 487 3050 nequeo
509 2980 670 3032 monstrare
695 2980 724 3032 et
746 2972 840 3032 sentio
862 2975 980 3043 tanturn,

113 3055 269 3116 Anxiatate
292 3073 396 3118 carens
420 3057 530 3116 animus
549 3053 633 3130 iacit,
657 3055 750 3114 omnis
772 3050 872 3114 acerbi

112 3138 286 3217 Impatiens,
310 3140 431 3217 cupidus
454 3139 593 3200 silvarum
613 3145 757 3217 aptusque
778 3135 913 3198 bibendis

114 3221 253 3283 Fontibus
275 3221 429 3282 Aonidum.
473 3221 578 3301 Neque
599 3222 676 3282 enim
699 3229 815 3282 cantare
836 3219 889 3278 sub
912 3223 994 3278 antro

114 3305 211 3366 Pierio
232 3304 418 3384 thyrsumque
439 3313 538 3384 potest
558 3305 730 3383 contingere
746 3313 863 3369 maesta
1070 3306 1107 3360 60

113 3389 274 3468 Paupertas
293 3397 382 3468 atque
401 3390 480 3451 acris
496 3390 597 3469 inops,
621 3405 679 3467 quo
701 3397 789 3448 nocte
809 3387 915 3466 dieque

115 3471 231 3553 Corpus
255 3481 339 3550 eget:
364 3480 443 3533 satur
463 3482 522 3550 est,
544 3490 630 3552 quum
652 3473 722 3533 dicit
740 3470 877 3532 Horatius
899 3465 1008 3528 euhoe!
