2582 3950
517 257 642 306 stolas
665 259 713 307 tv,

111 396 236 457 Privatis
263 397 373 456 maiora
395 396 488 466 socier
511 396 635 474 genialis
662 406 764 476 agatur

110 480 173 540 Iste
194 479 257 540 dies
264 499 273 553 ;
294 496 423 559 propera
446 481 626 541 stomachum
647 480 748 542 laxare
768 483 898 562 saginae,

111 563 151 624 Et
174 571 223 623 tua
244 572 390 624 servatum
415 579 555 624 consume
573 567 602 624 iu
625 566 730 630 secula¹
747 566 913 640 rhombum3

111 647 182 726 lpse
205 647 270 726 capi
292 647 445 708 voluit—
458 647 535 721 Quid
546 646 695 726 apertius?
715 657 744 710 et
758 659 853 710 tamen
874 651 917 712 illi

111 730 278 808 Surgebant
300 731 423 801 cristae:
446 731 516 792 nihil
538 741 583 792 est
605 732 683 810 quod
705 733 829 794 credere
852 735 889 795 de
913 754 946 796 se

111 814 179 874 Nou
197 816 308 894 possit,
334 833 421 894 quum
442 814 585 890 laudatur,
606 817 759 896 disceque
780 826 922 896 potestas.

112 899 173 960 Sed
197 898 300 960 deerat
321 900 395 980 pisci
417 900 533 978 patinae
554 917 698 961 mensura.
742 899 892 962 Vocantur

111 981 194 1061 Ergo
215 985 244 1043 iu
266 983 418 1044 consilium
441 998 599 1062 proceres,
623 999 698 1063 quos
719 984 822 1046 oderat
845 985 911 1055 iile3

111 1068 144 1128 lu
169 1083 291 1145 quorum
312 1067 389 1129 facie
409 1068 535 1128 miserae
554 1084 736 1148 magnaeque
758 1068 880 1130 sedebat

111 1150 212 1212 Pallor
234 1152 387 1213 amicitiae.
432 1149 560 1229 Primos,
583 1150 727 1212 clamante
750 1150 892 1214 Liburno:

113 1234 246 1312 Currite,
269 1236 326 1296 iam
347 1233 437 1296 sediti
461 1242 545 1314 rapta
566 1235 749 1315 properabat
767 1236 866 1299 abolla

112 1320 264 1397 Pegasus,
288 1319 427 1381 attonitae
449 1320 564 1398 positus
584 1318 672 1380 modo
706 1320 812 1381 uilicus
835 1321 899 1382 urbi
915 1353 958 1368 -·

113 1402 198 1463 Anne
222 1401 298 1464 aliud
322 1413 390 1464 tuuc
412 1399 575 1482 praefecti?
601 1419 724 1482 quorum
746 1406 870 1484 optimus
894 1414 981 1484 atque

112 1486 265 1567 Interpres
287 1487 386 1567 legum
408 1487 607 1548 sanctissimas
632 1489 727 1548 omnia
750 1505 921 1571 Quicquam

113 1569 308 1650 Temporibus
331 1571 400 1633 diris
422 1570 573 1632 tractanda
596 1571 717 1650 putabat
737 1572 840 1634 inermi

113 1655 236 1717 lustitia.
281 1653 368 1716 Venit
391 1662 421 1715 et
445 1652 540 1734 Crispi
563 1655 686 1717 iucunda
710 1666 858 1732 senectus,

115 1737 206 1799 (iuius
232 1747 314 1800 eraut
334 1756 450 1815 mores,
473 1739 569 1819 qualis
590 1738 741 1815 iacuudia,
764 1741 833 1800 mite

113 1821 278 1900 ingenium:
300 1825 388 1883 maria
413 1841 449 1883 ac
471 1832 567 1884 terras
592 1823 780 1903 populosque
802 1825 917 1900 regenti

2 1966 6 1997 1
115 1906 188 1980 Quis
215 1923 314 1966 comes
336 1906 450 1982 utilior,
472 1907 497 1966 si
519 1905 603 1966 clade
626 1915 657 1966 et
679 1913 765 1986 peste
792 1906 845 1966 sub
865 1905 915 1966 illa

115 1990 274 2051 saevitiam
295 1990 431 2051 damnare
458 1999 488 2049 et
510 1989 664 2050 honestum
685 1990 792 2050 aiierre
814 1989 918 2050 liceret

116 2071 297 2134 Consilium?
321 2074 375 2134 sed
398 2073 466 2153 quid
487 2072 644 2133 violentius
668 2089 737 2133 aure
760 2074 884 2149 tyranni,

117 2155 189 2217 Cum
211 2175 268 2238 quo
292 2157 328 2218 ds
349 2156 456 2237 pluviis
478 2165 528 2218 aut
549 2156 678 2217 aestibus
700 2164 749 2218 aut
770 2155 903 2217 nimboso

115 2240 195 2302 Vere
218 2241 344 2302 locuturi
364 2241 454 2301 iatum
475 2241 622 2320 pendebat
642 2237 747 2303 amici?

115 2324 172 2385 lile
191 2325 280 2402 igitur
302 2342 455 2404 numquam
480 2323 587 2385 direxit
607 2323 727 2386 brachia
749 2332 850 2384 contra

117 2407 304 2485 Torrentem,
330 2426 386 2469 nec
408 2409 479 2468 civis
503 2417 583 2482 erat,
608 2409 657 2487 qui
680 2407 775 2468 libera
796 2414 900 2487 posset

116 2491 216 2552 Verba
238 2492 323 2553 animi
346 2490 483 2569 proferre
505 2500 535 2550 et
555 2491 643 2550 vitam
666 2489 836 2570 impendere
856 2507 940 2551 raro.

117 2576 167 2637 Sic
189 2574 293 2635 multas
315 2573 428 2634 hiemes
451 2581 538 2650 atque
562 2575 745 2650 octogesima
765 2573 837 2635 vidit

117 2658 267 2734 Solstitia,
289 2656 335 2717 his
357 2656 444 2716 armis
466 2655 517 2716 illa
539 2672 657 2735 quoque
682 2664 759 2717 tutus
781 2658 811 2717 iu
832 2657 906 2718 aula.

116 2740 268 2803 Proximus
291 2740 421 2801 eiusdem
443 2739 622 2819 properabat
643 2738 756 2801 Acilius
779 2742 845 2803 aevi

118 2822 190 2885 curn
210 2825 315 2885 iurene
337 2823 473 2902 indigno,
496 2842 582 2903 quem
603 2841 682 2884 mors
704 2833 762 2885 tam
784 2843 873 2886 saeva
894 2832 1024 2887 maneret
1077 2831 1112 2885 95

117 2908 156 2969 Et
179 2906 284 2968 domini
307 2907 412 2985 gladiis
434 2918 491 2969 taur
514 2909 666 2978 festinatm
689 2908 742 2968 sed
767 2908 836 2968 olim

117 2990 256 3070 Prodigio
275 3010 330 3072 par
354 3000 399 3052 est
420 2992 449 3051 iu
470 2992 623 3054 nobilitate
646 3001 799 3052 senectus:

117 3073 202 3136 Unde
223 3076 270 3153 fit,
293 3084 325 3134 ut
346 3074 442 3135 malim
463 3074 639 3136 fraterculus
663 3092 731 3136 esse
754 3072 899 3152 digentis!

119 3158 231 3219 Profuit
253 3176 325 3238 ergo
348 3158 419 3220 nihil
440 3160 565 3235 misero,
589 3157 668 3236 quod
693 3158 823 3218 cominus
844 3173 929 3217 ursos

14 3275 18 3296 ι
118 3241 242 3321 Figebat
264 3241 401 3305 Numidas
424 3242 538 3303 Albana
560 3240 653 3300 nudus
675 3258 763 3301 arena
1062 3249 1113 3302 100

79 3393 81 3398 ,
119 3325 266 3397 Venator;
291 3327 355 3406 quis
379 3326 455 3386 enirn
476 3327 532 3387 iam
554 3341 613 3384 uon
631 3323 787 3402 intellegat
800 3333 878 3385 artes

120 3406 281 3471 Patriciae?
305 3411 369 3488 quis
392 3412 521 3489 priscum
542 3407 614 3469 illud
635 3408 755 3468 miratur
776 3425 907 3485 acumen,

120 3492 228 3572 litote,
252 3487 352 3553 tuum?
377 3493 465 3552 facile
487 3500 532 3552 est
552 3491 674 3553 barbato
697 3492 848 3571 imponere
868 3494 942 3570 regi.
