2582 3950
530 225 656 276 souma
676 226 710 275 V·

121 367 246 441 Ostrea,
272 365 398 428 callebat
419 368 512 446 primo
534 364 718 443 deprendere
740 381 855 436 morsu;

121 450 162 514 tu
184 447 277 512 semel
300 451 412 529 aspecti
436 450 504 512 litus
526 445 642 512 dicebat
663 447 766 510 echini.

123 534 273 612 Surgitur,
298 543 328 593 et
348 536 437 596 misso
458 549 601 614 proceros
621 533 703 596 exire
727 531 860 596 iubentur

122 616 277 694 Consilio,
300 634 374 698 quos
395 616 537 682 Albanam
559 616 618 683 dux
639 633 760 694 maguus
782 617 811 677 in
832 634 929 681 arcena
1060 631 1111 686 tto

123 701 267 763 Traxerat
288 702 424 763 attonitos
452 710 481 763 et
502 701 641 765 festinare
664 708 797 776 coactos,

123 785 280 864 Tamquam
304 785 341 846 de
363 783 473 848 chattis
490 782 598 863 aliquid
619 785 769 864 torvisque
782 783 947 860 Sycambris

122 869 261 930 Dicturus
286 877 429 948 tamquam
450 878 480 932 ct
502 867 624 930 divorsis
645 867 776 947 pertibus
794 867 874 936 orbis

122 953 219 1013 Anxia
239 954 393 1033 praecipiti
415 955 545 1016 renutet
568 951 693 1032 epistota
716 952 812 1030 pinna.

159 1036 264 1115 ¹ritune
286 1038 394 1098 utinam
414 1036 460 1097 bis
483 1036 580 1115 potius
604 1036 687 1113 nugis
709 1043 770 1096 tota
792 1035 843 1096 illa
865 1034 994 1099 dedisset
1062 1049 1114 1102 ltt

119 1119 447 1200 temperassemus,
470 1120 564 1181 clarus
588 1119 691 1200 quibus
713 1119 831 1180 obstulit
855 1119 918 1181 urbi

123 1202 315 1284 illustresque
336 1203 444 1266 animas
467 1206 583 1283 impune
605 1212 635 1264 et
654 1202 769 1268 uindico
793 1203 889 1264 nullo!

123 1288 185 1349 Sed
206 1290 308 1368 periit,
332 1296 486 1368 postquam
509 1286 682 1352 cerdonibus
708 1304 776 1348 esse
798 1286 939 1356 timemus

123 1369 290 1451 Goeperat:
312 1372 370 1434 boc
390 1374 489 1434 nocuit
511 1371 671 1436 banniarum
694 1371 786 1434 caedo
809 1370 943 1434 madenti.

457 1723 690 1789 SATIRA
725 1723 765 1788 V.

123 1819 163 1915 Si
185 1861 214 1912 te
236 1855 378 1933 propositi
400 1855 526 1921 nondum
546 1857 636 1935 pudet
659 1865 745 1936 atque
768 1855 871 1915 eadem
894 1862 939 1914 est
960 1870 1052 1928 mens,

122 1939 162 2002 Ut
182 1936 260 1997 bonu
281 1955 389 2000 summu
410 1949 496 2018 putes
519 1939 613 2000 aliena
634 1940 734 1998 vivere
757 1938 880 2016 quadru;

122 2025 155 2085 st
177 2029 264 2101 potes
285 2020 336 2082 illa
358 2025 435 2102 pati,
459 2041 534 2102 quoe
556 2040 612 2082 nec
633 2023 800 2083 Sarmentus
821 2021 935 2098 iniquus

121 2105 260 2167 caesuris
282 2105 318 2165 od
340 2123 471 2184 mensas,
494 2124 550 2166 uec
570 2105 636 2166 vilis
659 2103 758 2174 Gubba
781 2102 912 2172 tulisset:

123 2189 262 2265 Quamvis
284 2189 378 2250 iurato
400 2199 525 2253 metuam
547 2189 597 2250 tibi
620 2189 744 2252 credero
766 2190 844 2253 testi.
1095 2201 1112 2248 5

121 2275 233 2336 Ventre
255 2271 326 2333 nihil
349 2275 417 2334 novi
440 2273 594 2352 frugalius:
621 2274 679 2335 hoc
701 2283 797 2336 tamen
818 2274 912 2351 ipsum
1110 2267 1121 2283 ’

121 2357 280 2419 Deiecisse
301 2366 386 2435 puta,
411 2359 489 2436 quod
512 2359 588 2418 inani
610 2357 718 2418 sufficit
741 2357 824 2417 alvo:

121 2440 211 2502 Nulla
230 2439 350 2518 crepido
372 2450 476 2517 vacat,
506 2459 647 2518 nusquam
669 2457 743 2520 pons
767 2450 796 2499 et
818 2440 925 2516 tegetis
949 2455 1017 2516 pars

122 2523 246 2585 Dimidio
269 2518 408 2583 breviori
431 2524 538 2584 tantine
557 2524 659 2584 iniuria
682 2540 805 2590 coenae,

121 2607 194 2668 Tam
216 2605 311 2666 ieiuna
332 2605 425 2666 fames
450 2625 535 2687 quum
558 2607 652 2688 possit
672 2607 823 2670 honestius
847 2605 910 2670 illic
1081 2618 1115 2670 10

121 2690 160 2753 Et
185 2698 313 2750 tremere
336 2698 367 2751 et
388 2691 491 2752 sordes
515 2691 600 2752 farris
621 2691 757 2753 mordere
781 2688 897 2754 caninii

166 2774 260 2835 Primo
283 2773 342 2852 bge
365 2773 450 2851 loco,
474 2774 552 2852 quod
573 2783 603 2836 tu
625 2775 808 2838 discumbere
829 2777 925 2836 iussus

122 2857 291 2919 Mercedem
313 2855 434 2921 solidant
455 2867 588 2922 ueterum
611 2861 692 2940 cupis
713 2859 886 2922 officiorum.
915 2921 917 2926 ,

121 2939 247 3002 Fructus
268 2943 410 3004 amicitiae
433 2961 554 3021 maguae
576 2943 675 3013 cibus;
706 2945 824 3021 imputat
847 2940 922 3001 bunc
939 2959 994 3000 rex

123 3023 162 3084 Et
184 3026 313 3104 quamuis
334 3043 430 3090 rerunt
450 3036 545 3088 tamen
566 3028 694 3106 imputat.
738 3023 819 3103 Ergo
844 3023 916 3084 duos
939 3033 1006 3102 post
1080 3037 1113 3088 15

123 3109 155 3168 Si
177 3107 259 3168 libuit
282 3127 398 3172 menses
416 3111 583 3188 neglectum
604 3109 741 3170 adhibere
765 3107 911 3185 clientem,

123 3191 223 3252 Tertia
246 3209 284 3251 ne
305 3210 398 3254 uacuo
424 3202 557 3255 corruet
579 3192 685 3258 culcita
706 3193 799 3254 lecto:

122 3273 188 3335 Una
208 3276 313 3351 simus,
336 3279 384 3337 uit.
428 3277 571 3338 Votorum
591 3276 715 3338 summu!
740 3275 808 3356 quid
830 3275 904 3338 ultra

124 3355 271 3431 Quaeris?
299 3358 386 3420 babet
408 3359 548 3438 Trebius,
570 3369 694 3442 propter
715 3360 793 3440 quod
812 3377 947 3439 rumpere
968 3375 1098 3420 somnum

121 3438 239 3504 Debent
261 3449 290 3501 et
311 3443 417 3520 ligulas
440 3445 601 3524 dimittere,
624 3443 766 3505 sollicitus
791 3461 829 3506 ne
1077 3451 1114 3506 20
