2590 3946
520 268 644 318 SATIRA
667 269 726 318 vn.

125 405 281 467 Lautorum
302 423 428 485 pueros:
450 416 542 468 artem
564 408 681 468 scindes
703 407 859 469 Theodori.

124 489 236 571 Balnea
262 491 407 550 sescentis
431 499 460 550 et
481 490 572 569 pluris
594 492 735 568 porticus,
758 493 865 571 inqua

127 571 264 634 Gestatur
286 574 434 650 dominus,
455 575 572 653 quoties
593 573 679 673 pluit;
700 592 773 636 anne
794 592 929 637 serenum

2 715 3 720 ,
125 655 292 735 Exspectat
312 666 490 736 spargatque
512 657 573 717 luto
596 659 720 718 iumenta
741 657 874 720 recenti?

125 738 181 800 llic
202 741 314 820 potius,
336 758 460 820 namque
483 740 530 800 hic
551 741 673 802 mundae
691 742 764 803 nitet
785 743 890 822 ungula
913 743 1016 804 mulae.

124 821 212 883 Parte
233 823 289 884 alia
312 823 408 901 longis
428 823 613 885 Numidarum
633 825 706 887 lulta
727 825 866 886 columnis

126 907 234 985 Surget
255 915 284 967 et
303 907 449 986 algentem
470 909 564 987 rapiat
579 910 713 970 coenatio
733 909 836 971 solem.

126 989 356 1069 Quanticumque
378 991 498 1067 domus,
520 993 618 1052 reniet
641 994 689 1070 qui
711 992 823 1054 fercula
842 993 929 1055 docte

128 1070 304 1172 Gomponat;
326 1075 425 1134 veniet
444 1077 493 1155 qui
515 1075 706 1154 pulmentaria
729 1077 836 1137 condit
1063 1085 1114 1140 185

126 1155 188 1217 Hos
210 1157 284 1218 inter
305 1167 434 1236 sumptus
455 1153 591 1220 sestertia
613 1158 799 1235 Quintiliano,

125 1239 164 1302 Ut
184 1228 319 1316 multum,
341 1241 398 1301 duo
420 1242 580 1303 sufficient:
601 1261 650 1302 ree
672 1243 750 1304 nulla
771 1244 888 1305 minoris

127 1321 281 1385 constatis
302 1326 393 1402 patri,
415 1343 500 1405 quam
521 1325 735 1388 lilius-Unde
756 1328 843 1404 igitur
863 1335 906 1386 tot

126 1406 319 1482 Quintilianus
342 1407 435 1469 hahet*
452 1406 567 1470 saltus?
583 1442 626 1454 -
639 1409 784 1489 Exempla
802 1427 942 1472 novorum

125 1489 263 1554 Fatorum
281 1493 386 1552 mansi:
410 1491 482 1552 felix
504 1503 533 1553 et
554 1493 682 1570 pulcher
699 1502 729 1554 et
750 1512 836 1570 acer,
1065 1501 1115 1556 190

128 1571 212 1640 Felix
234 1582 263 1633 et
282 1575 399 1653 sapiens
420 1583 450 1636 et
472 1575 578 1637 nobilis
599 1586 629 1636 et
649 1595 824 1654 generosus,

127 1658 299 1738 Appositum
320 1659 421 1736 nigrae
440 1659 535 1720 lunam
556 1659 684 1720 subtexit
707 1661 818 1730 alutae;

109 1739 213 1803 -ttelrx
231 1748 331 1803 orator
353 1760 469 1822 quoque
491 1744 631 1805 maximus
652 1752 684 1803 et
703 1744 858 1812 iaculator;

127 1824 182 1900 llt,
204 1826 229 1884 si
252 1824 400 1904 perfrixit,
420 1835 516 1887 cantat
536 1826 623 1887 hene.
665 1825 761 1886 Distat
784 1829 877 1905 enim,
900 1846 974 1907 quae

128 1908 231 1969 Sidera
253 1917 283 1968 te
304 1910 451 1988 excipiant
471 1910 558 1970 modo
578 1911 691 1989 primos
710 1911 896 1988 incipientem
1064 1917 1114 1971 195

126 1989 226 2052 Edere
245 1993 359 2069 vagitus
382 2000 411 2051 et
432 1992 527 2052 adhuc
547 2011 563 2052 a
584 2001 677 2053 matre
698 1992 860 2052 rubentem.

127 2073 159 2135 Si
169 2075 295 2138 Fortuna
317 2075 414 2151 volet,
438 2075 496 2135 lies.
514 2075 551 2136 de
571 2075 691 2137 rhetore
712 2077 830 2145 consul;

127 2157 158 2217 si
179 2157 261 2219 volet
282 2158 356 2219 haec
377 2158 498 2236 eadem,
521 2158 575 2226 lies
597 2159 634 2221 de
656 2159 778 2220 consule
799 2160 909 2221 rhetor.

126 2241 279 2302 Ventidius
302 2241 370 2320 quid
393 2239 488 2301 enimi
509 2242 577 2323 quid
599 2241 733 2305 'lulliusi
754 2260 828 2305 anne
852 2244 929 2304 aliud
958 2259 1041 2322 quam

127 2323 213 2385 Sidus
238 2333 268 2384 et
290 2325 399 2385 occulti
420 2326 548 2386 miranda
569 2329 700 2405 potentia
721 2324 793 2388 lati?
1062 2333 1115 2384 aoo

127 2407 227 2470 Servis
246 2424 338 2485 regna
360 2407 482 2487 dabunt,
506 2412 628 2489 captivis
647 2411 706 2472 lata
725 2410 907 2489 triumphum.

126 2490 211 2552 Felix
228 2491 279 2551 ille
297 2500 393 2552 tamen
414 2508 504 2552 corvo
527 2509 644 2573 quoque
665 2495 760 2556 rarior
781 2493 860 2555 albo.

126 2575 271 2636 Poenituit
291 2574 398 2636 multos
418 2593 511 2637 vanae
533 2578 700 2657 sterilisque
723 2577 891 2653 cathedrae,

126 2659 209 2719 Sicut
229 2657 437 2734 Thrasymachi
459 2659 564 2760 probat
583 2663 677 2722 exitus
697 2670 784 2741 atque
808 2660 933 2722 Secundi

127 2740 302 2804 carrinatis:
321 2753 351 2803 et
371 2742 476 2803 hunc
466 2759 583 2824 inopem
604 2745 733 2821 vidistis,
755 2745 899 2818 Athenae,
1062 2755 1113 2805 205

125 2824 174 2886 llll
195 2834 314 2904 praeter
335 2827 449 2904 gelidas
472 2846 560 2888 ausae
581 2829 717 2890 conferre
740 2829 859 2888 cicutas.

125 2908 179 2984 Di,
202 2911 342 2971 maiorum
363 2909 471 2971 umbris
490 2922 605 2972 tenuem
626 2922 655 2972 et
675 2913 738 2972 sine
761 2911 894 2989 pondere
911 2918 1034 2985 terram,

127 2992 338 3072 spirantesque
361 3011 466 3054 crocos
489 3003 518 3054 et
538 2998 567 3054 in
585 3012 656 3053 urna
678 3002 851 3073 perpetuum
870 3010 938 3069 ver,

127 3074 182 3150 our
205 3085 432 3156 praeceptorem
453 3080 545 3138 sancti
567 3076 689 3137 voluere
711 3078 840 3155 parentis

125 3157 202 3220 Esse
224 3159 309 3220 loco!
331 3159 463 3220 Metuens
482 3162 583 3238 virgae
605 3161 660 3220 iam
680 3160 797 3238 grandis
818 3156 952 3220 Achilles
1062 3169 1114 3220 210

128 3240 270 3304 cantabat
292 3245 422 3342 patriis
412 3262 441 3303 ιιι
461 3244 605 3305 montibus
636 3250 666 3302 et
694 3245 740 3304 oui
760 3259 818 3303 non
837 3252 936 3303 tunc

126 3323 259 3387 Eliceret
279 3328 368 3387 risum
390 3327 550 3389 citharoedi
572 3328 664 3390 cauda
684 3329 829 3404 magistri:

2 3459 3 3476 ι
127 3409 187 3471 Sed
208 3409 314 3471 Rufum
338 3419 425 3490 atque
445 3411 519 3471 alios
540 3411 634 3472 caedit
655 3430 706 3472 sua
724 3429 868 3490 quemque
889 3412 1032 3484 iuventus,

2 3497 3 3528 ³
127 3491 249 3571 Rufum,
275 3511 361 3572 quem
384 3495 473 3553 toties
496 3492 669 3556 Ciceronem
689 3494 853 3570 Allobroga
874 3493 954 3552 dixit.

862 3577 906 3636 4,
