2590 3946
193 238 234 302 86
519 249 553 295 l).
577 249 649 296 tunt.
672 247 860 298 wvuunuls

193 392 308 469 Perque
330 398 423 465 tuum,
443 396 528 467 pater
545 387 659 466 Aegaei
681 386 833 467 Neptune,
855 387 1023 457 tridentem

193 474 283 535 Addit
301 481 330 533 et
351 471 514 533 llereuleos
536 487 622 531 arnus
643 471 812 550 hastamque
834 471 983 533 hlinervae
1002 477 1032 531 et

194 556 341 637 Quidquid
362 555 470 618 hahent
488 554 614 617 telorum
632 557 850 618 armamentaria
875 555 962 616 eoeli.

194 641 226 702 Si
247 657 320 701 vero
342 649 373 701 et
391 648 475 719 pater
497 647 558 715 est,
582 639 748 715 annonam,
771 639 877 718 iuquit,
900 638 1000 701 llebile
1022 640 1080 700 nati
1102 686 1104 691 .

194 726 326 804 sinciput
343 724 412 785 elixi
432 722 597 801 Pharioque
618 721 760 785 madentis
781 730 878 783 aeeto.
1151 736 1186 791 35

101 873 105 882 .
237 807 354 869 suntin
376 807 509 868 fortunae
530 807 580 885 qul
602 805 719 868 ensibus
739 807 835 868 omnia
853 816 961 886 ponant

193 892 232 954 Et
250 892 330 954 nullo
354 892 474 952 erodant
493 889 626 951 mundum
646 899 765 952 tentore
788 892 910 967 moveri,

193 975 303 1037 Natura
323 975 462 1036 volvente
482 976 566 1034 vines
586 983 616 1034 et
636 974 711 1034 lueis
733 983 763 1035 et
781 975 857 1051 anni,

98 1098 102 1110 ·
195 1061 291 1139 Atque
313 1059 381 1120 ideo
401 1058 537 1138 intrepidi
558 1075 760 1138 quaeonmqne
782 1059 883 1120 altaria
903 1067 1031 1136 tangunt.

194 1145 247 1205 Est
270 1143 342 1204 alius
364 1152 513 1219 metuens,
534 1160 573 1203 ne
596 1143 705 1203 erimen
726 1159 822 1222 poena
845 1151 996 1221 sequatur:
1152 1151 1187 1207 90

194 1227 249 1288 llio
271 1236 351 1307 putot
368 1245 435 1287 esse
458 1227 532 1287 deos
553 1234 584 1286 et
604 1228 736 1306 peierat,
760 1236 847 1307 atque
869 1228 908 1288 ita
931 1242 1046 1287 seeum:

194 1312 359 1387 neaeman,
382 1310 584 1389 quodnamque
605 1309 704 1386 volet,
728 1311 764 1371 de
788 1326 915 1390 eorpore
936 1319 1036 1371 nostro

195 1394 250 1455 lsis
270 1403 300 1455 et
320 1397 394 1455 irato
414 1395 500 1455 leriat
521 1412 585 1455 mea
609 1392 715 1454 lumina
737 1395 835 1471 sistro,

194 1477 356 1538 Dummodo
376 1478 425 1537 rel
449 1493 555 1537 eaeous
577 1486 693 1538 teneam
711 1494 786 1557 qnos
806 1477 923 1556 abnego
945 1494 1085 1539 nummos.

194 1561 232 1621 Et
254 1560 377 1641 phthisis
395 1568 423 1620 et
444 1562 577 1621 vomioae
599 1568 701 1640 putres
722 1571 753 1622 et
775 1563 919 1623 dimidium
943 1580 1010 1622 orne
1152 1571 1186 1626 95

195 1645 266 1706 Sunt
282 1646 367 1721 tanti,
390 1661 502 1723 pauper
521 1642 701 1724 locupletem
722 1654 826 1726 optare
846 1645 1006 1726 podagram

194 1728 262 1790 Neo
283 1727 394 1789 dubitet
412 1727 522 1805 hadas,
545 1728 570 1787 si
594 1747 652 1791 non
670 1738 741 1807 eget
758 1730 972 1806 Anticyra-neo

197 1811 379 1890 Archigene;
404 1812 472 1891 quid
493 1813 570 1873 enim
590 1812 704 1874 veloeis
725 1815 819 1892 gloria
843 1814 959 1892 plantae

195 1897 329 1957 Praestat
351 1904 380 1955 et
402 1895 534 1956 esuriens
553 1896 676 1959 Pisaeae
698 1915 793 1959 ramus
818 1895 938 1959 olivae?

195 1979 233 2040 Ut
250 1981 287 2040 sit
308 1998 427 2057 magna,
447 1989 543 2041 tamen
566 1991 647 2044 eerte
670 1982 749 2043 lenta
769 1983 812 2042 ira
835 1982 955 2042 deorum
976 1991 1037 2042 est:
1136 1992 1186 2044 100

195 2064 228 2125 Si
250 2073 349 2124 curant
370 2065 457 2143 igitur
479 2073 601 2126 ennotos
618 2067 720 2142 punire
742 2074 895 2142 nocentes,

197 2147 318 2221 Quando
338 2147 374 2209 ad
395 2167 442 2208 me
463 2147 601 2209 venienti
614 2149 673 2210 Sed
695 2158 724 2210 et
747 2148 898 2211 exorabile
921 2167 1026 2211 numen

194 2230 334 2292 Fortasse
357 2233 509 2310 experiar;
527 2234 606 2294 solet
626 2233 671 2294 his
693 2235 867 2311 ignoscere3
889 2233 969 2294 multi

196 2311 381 2377 Committunt
404 2317 507 2377 eadem
528 2317 645 2379 diverso
666 2318 785 2379 erimina
806 2317 883 2391 lato;

194 2398 249 2459 llle
273 2417 389 2460 emnem
411 2402 537 2461 sceleris
557 2402 680 2481 pretium
703 2400 783 2478 tulit,
806 2401 854 2462 hie
873 2401 1014 2462 diadema.
1136 2410 1186 2463 lot

195 2484 246 2543 Sie
264 2483 385 2545 animum
407 2485 489 2546 dirae
509 2485 653 2564 trepidum
674 2485 828 2547 formidine
848 2486 953 2566 eulpae

197 2563 377 2629 confirmans
395 2578 463 2629 tune
485 2577 515 2628 te
535 2587 620 2631 saera
639 2570 675 2631 ad
697 2569 819 2632 delubra
840 2579 994 2632 sonantem

195 2650 364 2728 Praeeedit,
387 2651 503 2711 trahere
526 2654 611 2712 immo
634 2653 709 2712 ultro
730 2671 765 2714 ao
784 2672 895 2714 vexare
916 2660 1043 2733 paratos.

194 2733 268 2795 llam
290 2751 376 2813 quum
397 2751 500 2811 magna
522 2735 616 2795 malae
640 2744 776 2813 superest
797 2736 917 2796 undaeia
939 2751 1056 2810 causae,

196 2813 331 2877 creditur
352 2836 368 2876 a
389 2816 485 2876 multis
507 2816 620 2878 lidneia.
665 2816 779 2877 llirnum
801 2819 862 2895 agit
881 2817 942 2892 ille,
1136 2829 1188 2882 110

195 2899 305 2960 Urbani
327 2900 442 2978 qualem
464 2899 601 2977 fugitivus
624 2917 724 2962 seurra
743 2899 863 2963 Catulli:

196 2983 239 3043 Tu
255 2983 343 3043 miser
366 2983 528 3060 exclamas,
552 2992 583 3045 ut
603 2985 741 3047 Stentora
761 2986 880 3046 rinoere
899 2983 1008 3065 possis,

195 3066 253 3126 Vel
274 3067 370 3145 potius
392 3077 526 3147 qnantum
548 3068 689 3131 Gradivus
711 3068 899 3132 Homericus:
922 3067 1025 3144 hodie,

197 3150 344 3230 luppiter,
367 3151 457 3229 haee,
477 3171 532 3214 neo
554 3154 636 3216 lahra
655 3171 772 3231 moves,
794 3172 880 3234 quum
902 3153 1016 3215 mittere
1037 3167 1142 3212 vocem

196 3234 340 3294 Debueris
367 3237 417 3298 vel
438 3253 617 3301 marmoreus
638 3238 688 3300 rel
710 3235 841 3301 aeneus?
866 3248 983 3301 auteur
1135 3243 1185 3297 110

196 3318 229 3378 ln
251 3318 378 3382 earboue
399 3329 449 3382 tuo
472 3321 571 3383 oharta
591 3323 638 3402 pia
660 3331 722 3384 tura
742 3323 838 3383 soluta

197 3402 331 3464 Ponimos
352 3413 381 3466 et
402 3413 513 3466 seetnm
531 3406 612 3467 vituli
630 3405 711 3466 ieeur
732 3406 855 3486 alhaque
875 3406 958 3486 porei

198 3483 341 3548 Omentai
363 3497 394 3550 ot
414 3490 519 3568 video,
543 3489 650 3552 nullum
675 3489 830 3551 disorimen
851 3487 1013 3552 habendum
1034 3492 1078 3545 est
