<?xml version="1.0" encoding="UTF-8"?>
<!DOCTYPE html PUBLIC "-//W3C//DTD XHTML 1.0 Transitional//EN"
    "http://www.w3.org/TR/xhtml1/DTD/xhtml1-transitional.dtd">
<html xmlns="http://www.w3.org/1999/xhtml" xml:lang="en" lang="en">
 <head>
  <title>
</title>
<meta http-equiv="Content-Type" content="text/html;charset=utf-8" />
  <meta name='ocr-system' content='tesseract 3.04.00' />
  <meta name='ocr-capabilities' content='ocr_page ocr_carea ocr_par ocr_line ocrx_word'/>
</head>
<body>
  <div class='ocr_page' id='page_1' title='image "./satirarumlibriq01juvegoog_0144.png"; bbox 0 0 2590 3946; ppageno 0'>
   <div class='ocr_carea' id='block_1_1' title="bbox 430 191 1091 254">
    <p class='ocr_par' dir='ltr' id='par_1_1' title="bbox 430 191 1091 254">
     <span class='ocr_line' id='line_1_1' title="bbox 430 191 1091 254; baseline 0.008 -6"><span class='ocrx_word' id='word_1_1' title='bbox 430 195 612 249; x_wconf 72' lang='lat' dir='ltr'><strong>submotae</strong></span> <span class='ocrx_word' id='word_1_2' title='bbox 633 199 769 250; x_wconf 73' lang='lat' dir='ltr'><strong>snmus.</strong></span> <span class='ocrx_word' id='word_1_3' title='bbox 1031 191 1091 254; x_wconf 81' lang='lat' dir='ltr'><strong>tot</strong></span> 
     </span>
    </p>
   </div>
   <div class='ocr_carea' id='block_1_2' title="bbox 13 353 999 3510">
    <p class='ocr_par' dir='ltr' id='par_1_2' title="bbox 95 353 917 515">
     <span class='ocr_line' id='line_1_2' title="bbox 97 353 917 434; baseline 0.005 -20"><span class='ocrx_word' id='word_1_4' title='bbox 97 357 156 415; x_wconf 79' lang='lat' dir='ltr'><strong>Sic</strong></span> <span class='ocrx_word' id='word_1_5' title='bbox 173 353 271 414; x_wconf 91' lang='lat' dir='ltr'><strong>itidem</strong></span> <span class='ocrx_word' id='word_1_6' title='bbox 287 353 414 414; x_wconf 84' lang='lat' dir='ltr'><strong>Romana</strong></span> <span class='ocrx_word' id='word_1_7' title='bbox 431 371 546 430; x_wconf 87' lang='lat' dir='ltr'><strong>manus,</strong></span> <span class='ocrx_word' id='word_1_8' title='bbox 563 354 741 415; x_wconf 90' lang='lat' dir='ltr'><strong>contendere</strong></span> <span class='ocrx_word' id='word_1_9' title='bbox 764 363 917 434; x_wconf 86' lang='lat' dir='ltr'><strong>postquam</strong></span> 
     </span>
     <span class='ocr_line' id='line_1_3' title="bbox 95 436 797 515; baseline -0.003 -17"><span class='ocrx_word' id='word_1_10' title='bbox 95 437 224 498; x_wconf 80' lang='lat' dir='ltr'><strong>Destitit</strong></span> <span class='ocrx_word' id='word_1_11' title='bbox 242 445 271 496; x_wconf 92' lang='lat' dir='ltr'><strong>et</strong></span> <span class='ocrx_word' id='word_1_12' title='bbox 285 454 389 515; x_wconf 88' lang='lat' dir='ltr'><strong>pacem</strong></span> <span class='ocrx_word' id='word_1_13' title='bbox 411 436 506 514; x_wconf 89' lang='lat' dir='ltr'><strong>longis</strong></span> <span class='ocrx_word' id='word_1_14' title='bbox 520 436 645 510; x_wconf 86' lang='lat' dir='ltr'><strong>irenavit</strong></span> <span class='ocrx_word' id='word_1_15' title='bbox 660 436 797 513; x_wconf 85' lang='lat' dir='ltr'><strong>babonis,</strong></span> 
     </span>
    </p>

    <p class='ocr_par' dir='ltr' id='par_1_3' title="bbox 101 517 821 598">
     <span class='ocr_line' id='line_1_4' title="bbox 101 517 821 598; baseline 0.001 -19"><span class='ocrx_word' id='word_1_16' title='bbox 101 521 173 598; x_wconf 88' lang='lat' dir='ltr'><strong>lpsa</strong></span> <span class='ocrx_word' id='word_1_17' title='bbox 189 520 264 580; x_wconf 93' lang='lat' dir='ltr'><strong>domi</strong></span> <span class='ocrx_word' id='word_1_18' title='bbox 282 521 368 598; x_wconf 84' lang='lat' dir='ltr'><strong>leges</strong></span> <span class='ocrx_word' id='word_1_19' title='bbox 386 528 415 579; x_wconf 89' lang='lat' dir='ltr'><strong>et</strong></span> <span class='ocrx_word' id='word_1_20' title='bbox 431 517 515 582; x_wconf 75' lang='lat' dir='ltr'><strong>drale</strong></span> <span class='ocrx_word' id='word_1_21' title='bbox 529 521 644 582; x_wconf 88' lang='lat' dir='ltr'><strong>inventa</strong></span> <span class='ocrx_word' id='word_1_22' title='bbox 659 529 821 582; x_wconf 87' lang='lat' dir='ltr'><strong>retractans</strong></span> 
     </span>
    </p>

    <p class='ocr_par' dir='ltr' id='par_1_4' title="bbox 104 603 752 682">
     <span class='ocr_line' id='line_1_5' title="bbox 104 603 752 682; baseline 0.005 -20"><span class='ocrx_word' id='word_1_23' title='bbox 104 603 209 664; x_wconf 87' lang='lat' dir='ltr'><strong>Omnia</strong></span> <span class='ocrx_word' id='word_1_24' title='bbox 225 603 370 664; x_wconf 88' lang='lat' dir='ltr'><strong>bellomrn</strong></span> <span class='ocrx_word' id='word_1_25' title='bbox 384 611 462 663; x_wconf 90' lang='lat' dir='ltr'><strong>terra</strong></span> <span class='ocrx_word' id='word_1_26' title='bbox 477 605 608 682; x_wconf 90' lang='lat' dir='ltr'><strong>quaesita</strong></span> <span class='ocrx_word' id='word_1_27' title='bbox 622 605 752 682; x_wconf 89' lang='lat' dir='ltr'><strong>marique</strong></span> 
     </span>
    </p>

    <p class='ocr_par' dir='ltr' id='par_1_5' title="bbox 103 686 796 766">
     <span class='ocr_line' id='line_1_6' title="bbox 103 686 796 766; baseline -0.001 -20"><span class='ocrx_word' id='word_1_28' title='bbox 103 687 243 746; x_wconf 78' lang='lat' dir='ltr'><strong>Praemia·</strong></span> <span class='ocrx_word' id='word_1_29' title='bbox 253 686 377 758; x_wconf 84' lang='lat' dir='ltr'><strong>oonsilio</strong></span> <span class='ocrx_word' id='word_1_30' title='bbox 394 695 424 746; x_wconf 91' lang='lat' dir='ltr'><strong>et</strong></span> <span class='ocrx_word' id='word_1_31' title='bbox 437 686 518 747; x_wconf 94' lang='lat' dir='ltr'><strong>molli</strong></span> <span class='ocrx_word' id='word_1_32' title='bbox 534 689 648 748; x_wconf 88' lang='lat' dir='ltr'><strong>ratione</strong></span> <span class='ocrx_word' id='word_1_33' title='bbox 662 687 796 766; x_wconf 79' lang='lat' dir='ltr'><strong>regebat.</strong></span> 
     </span>
    </p>

    <p class='ocr_par' dir='ltr' id='par_1_6' title="bbox 101 768 999 1016">
     <span class='ocr_line' id='line_1_7' title="bbox 101 768 999 852; baseline 0.006 -24"><span class='ocrx_word' id='word_1_34' title='bbox 101 768 207 828; x_wconf 78' lang='lat' dir='ltr'><strong>Stabat</strong></span> <span class='ocrx_word' id='word_1_35' title='bbox 221 770 251 829; x_wconf 93' lang='lat' dir='ltr'><strong>in</strong></span> <span class='ocrx_word' id='word_1_36' title='bbox 266 769 328 838; x_wconf 87' lang='lat' dir='ltr'><strong>bis;</strong></span> <span class='ocrx_word' id='word_1_37' title='bbox 348 787 444 848; x_wconf 91' lang='lat' dir='ltr'><strong>neque</strong></span> <span class='ocrx_word' id='word_1_38' title='bbox 459 771 534 831; x_wconf 92' lang='lat' dir='ltr'><strong>enibr</strong></span> <span class='ocrx_word' id='word_1_39' title='bbox 550 779 667 850; x_wconf 89' lang='lat' dir='ltr'><strong>poterat</strong></span> <span class='ocrx_word' id='word_1_40' title='bbox 682 779 818 831; x_wconf 78' lang='lat' dir='ltr'><strong>constare</strong></span> <span class='ocrx_word' id='word_1_41' title='bbox 834 771 897 832; x_wconf 92' lang='lat' dir='ltr'><strong>sine</strong></span> <span class='ocrx_word' id='word_1_42' title='bbox 912 771 999 852; x_wconf 87' lang='lat' dir='ltr'><strong>ipsis,</strong></span> 
     </span>
     <span class='ocr_line' id='line_1_8' title="bbox 105 853 856 933; baseline 0.004 -22"><span class='ocrx_word' id='word_1_43' title='bbox 105 853 166 912; x_wconf 83' lang='lat' dir='ltr'><strong>Aut</strong></span> <span class='ocrx_word' id='word_1_44' title='bbox 183 853 290 914; x_wconf 81' lang='lat' dir='ltr'><strong>frustra</strong></span> <span class='ocrx_word' id='word_1_45' title='bbox 305 853 389 913; x_wconf 86' lang='lat' dir='ltr'><strong>uxori</strong></span> <span class='ocrx_word' id='word_1_46' title='bbox 408 854 590 933; x_wconf 77' lang='lat' dir='ltr'><strong>mendaxque</strong></span> <span class='ocrx_word' id='word_1_47' title='bbox 607 854 757 932; x_wconf 80' lang='lat' dir='ltr'><strong>Diespiter</strong></span> <span class='ocrx_word' id='word_1_48' title='bbox 773 855 856 914; x_wconf 93' lang='lat' dir='ltr'><strong>olim:</strong></span> 
     </span>
     <span class='ocr_line' id='line_1_9' title="bbox 102 935 824 1016; baseline 0 -21"><span class='ocrx_word' id='word_1_49' title='bbox 102 935 273 1015; x_wconf 78' lang='lat' dir='ltr'><strong>Imperium</strong></span> <span class='ocrx_word' id='word_1_50' title='bbox 286 939 353 998; x_wconf 66' lang='lat' dir='ltr'><strong>mne</strong></span> <span class='ocrx_word' id='word_1_51' title='bbox 369 936 430 1016; x_wconf 78' lang='lat' dir='ltr'><strong>fico</strong></span> <span class='ocrx_word' id='word_1_52' title='bbox 450 937 534 1013; x_wconf 84' lang='lat' dir='ltr'><strong>dedi,</strong></span> <span class='ocrx_word' id='word_1_53' title='bbox 550 936 659 997; x_wconf 77' lang='lat' dir='ltr'><strong>dixisse</strong></span> <span class='ocrx_word' id='word_1_54' title='bbox 674 936 824 1016; x_wconf 87' lang='lat' dir='ltr'><strong>probatur.</strong></span> 
     </span>
    </p>

    <p class='ocr_par' dir='ltr' id='par_1_7' title="bbox 105 1017 831 1099">
     <span class='ocr_line' id='line_1_10' title="bbox 105 1017 831 1099; baseline 0.003 -21"><span class='ocrx_word' id='word_1_55' title='bbox 105 1018 191 1078; x_wconf 86' lang='lat' dir='ltr'><strong>Nunc</strong></span> <span class='ocrx_word' id='word_1_56' title='bbox 205 1019 292 1096; x_wconf 90' lang='lat' dir='ltr'><strong>igitur</strong></span> <span class='ocrx_word' id='word_1_57' title='bbox 308 1021 356 1099; x_wconf 96' lang='lat' dir='ltr'><strong>qui</strong></span> <span class='ocrx_word' id='word_1_58' title='bbox 371 1037 421 1079; x_wconf 89' lang='lat' dir='ltr'><strong>res</strong></span> <span class='ocrx_word' id='word_1_59' title='bbox 434 1017 580 1079; x_wconf 83' lang='lat' dir='ltr'><strong>Romanas</strong></span> <span class='ocrx_word' id='word_1_60' title='bbox 595 1021 717 1099; x_wconf 88' lang='lat' dir='ltr'><strong>imperat</strong></span> <span class='ocrx_word' id='word_1_61' title='bbox 737 1021 831 1097; x_wconf 89' lang='lat' dir='ltr'><strong>inter,</strong></span> 
     </span>
    </p>

    <p class='ocr_par' dir='ltr' id='par_1_8' title="bbox 101 1101 914 1182">
     <span class='ocr_line' id='line_1_11' title="bbox 101 1101 914 1182; baseline 0.004 -21"><span class='ocrx_word' id='word_1_62' title='bbox 101 1101 171 1162; x_wconf 86' lang='lat' dir='ltr'><strong>Non</strong></span> <span class='ocrx_word' id='word_1_63' title='bbox 186 1101 270 1161; x_wconf 91' lang='lat' dir='ltr'><strong>trabe</strong></span> <span class='ocrx_word' id='word_1_64' title='bbox 285 1102 338 1162; x_wconf 91' lang='lat' dir='ltr'><strong>sed</strong></span> <span class='ocrx_word' id='word_1_65' title='bbox 353 1111 438 1180; x_wconf 88' lang='lat' dir='ltr'><strong>tergo</strong></span> <span class='ocrx_word' id='word_1_66' title='bbox 454 1102 610 1181; x_wconf 87' lang='lat' dir='ltr'><strong>prolapsus</strong></span> <span class='ocrx_word' id='word_1_67' title='bbox 627 1112 656 1164; x_wconf 90' lang='lat' dir='ltr'><strong>et</strong></span> <span class='ocrx_word' id='word_1_68' title='bbox 671 1103 799 1182; x_wconf 75' lang='lat' dir='ltr'><strong>ingluvie</strong></span> <span class='ocrx_word' id='word_1_69' title='bbox 814 1103 914 1180; x_wconf 90' lang='lat' dir='ltr'><strong>albus,</strong></span> 
     </span>
    </p>

    <p class='ocr_par' dir='ltr' id='par_1_9' title="bbox 13 1183 995 1681">
     <span class='ocr_line' id='line_1_12' title="bbox 13 1183 934 1270; baseline 0.003 -26"><span class='ocrx_word' id='word_1_70' title='bbox 13 1259 15 1270; x_wconf 71' lang='lat'>‚</span> <span class='ocrx_word' id='word_1_71' title='bbox 101 1183 143 1244; x_wconf 83' lang='lat' dir='ltr'><strong>Et</strong></span> <span class='ocrx_word' id='word_1_72' title='bbox 158 1184 250 1245; x_wconf 90' lang='lat' dir='ltr'><strong>studia</strong></span> <span class='ocrx_word' id='word_1_73' title='bbox 266 1193 295 1245; x_wconf 90' lang='lat' dir='ltr'><strong>et</strong></span> <span class='ocrx_word' id='word_1_74' title='bbox 311 1187 428 1263; x_wconf 90' lang='lat' dir='ltr'><strong>sapiens</strong></span> <span class='ocrx_word' id='word_1_75' title='bbox 443 1184 587 1246; x_wconf 85' lang='lat' dir='ltr'><strong>bominum</strong></span> <span class='ocrx_word' id='word_1_76' title='bbox 602 1203 766 1264; x_wconf 83' lang='lat' dir='ltr'><strong>nomenque</strong></span> <span class='ocrx_word' id='word_1_77' title='bbox 781 1204 934 1265; x_wconf 86' lang='lat' dir='ltr'><strong>genusque</strong></span> 
     </span>
     <span class='ocr_line' id='line_1_13' title="bbox 104 1266 864 1347; baseline 0.005 -22"><span class='ocrx_word' id='word_1_78' title='bbox 104 1266 207 1327; x_wconf 87' lang='lat' dir='ltr'><strong>Omnia</strong></span> <span class='ocrx_word' id='word_1_79' title='bbox 223 1266 304 1327; x_wconf 91' lang='lat' dir='ltr'><strong>abire</strong></span> <span class='ocrx_word' id='word_1_80' title='bbox 322 1267 402 1328; x_wconf 86' lang='lat' dir='ltr'><strong>lonas</strong></span> <span class='ocrx_word' id='word_1_81' title='bbox 417 1277 504 1347; x_wconf 88' lang='lat' dir='ltr'><strong>atque</strong></span> <span class='ocrx_word' id='word_1_82' title='bbox 518 1268 590 1330; x_wconf 89' lang='lat' dir='ltr'><strong>urbe</strong></span> <span class='ocrx_word' id='word_1_83' title='bbox 609 1270 757 1330; x_wconf 74' lang='lat' dir='ltr'><strong>excedere</strong></span> <span class='ocrx_word' id='word_1_84' title='bbox 773 1270 864 1330; x_wconf 89' lang='lat' dir='ltr'><strong>iussit.</strong></span> 
     </span>
     <span class='ocr_line' id='line_1_14' title="bbox 102 1349 995 1432; baseline 0.003 -23"><span class='ocrx_word' id='word_1_85' title='bbox 102 1349 181 1422; x_wconf 82' lang='lat' dir='ltr'><strong>Quid</strong></span> <span class='ocrx_word' id='word_1_86' title='bbox 196 1349 341 1411; x_wconf 69' lang='lat' dir='ltr'><strong>iacimus?</strong></span> <span class='ocrx_word' id='word_1_87' title='bbox 371 1350 474 1413; x_wconf 81' lang='lat' dir='ltr'><strong>Graios</strong></span> <span class='ocrx_word' id='word_1_88' title='bbox 490 1351 692 1432; x_wconf 90' lang='lat' dir='ltr'><strong>bominumque</strong></span> <span class='ocrx_word' id='word_1_89' title='bbox 708 1352 875 1431; x_wconf 87' lang='lat' dir='ltr'><strong>reliquimus</strong></span> <span class='ocrx_word' id='word_1_90' title='bbox 891 1350 995 1429; x_wconf 89' lang='lat' dir='ltr'><strong>urbes,</strong></span> 
     </span>
     <span class='ocr_line' id='line_1_15' title="bbox 104 1432 881 1512; baseline 0.005 -20"><span class='ocrx_word' id='word_1_91' title='bbox 104 1432 146 1492; x_wconf 88' lang='lat' dir='ltr'><strong>Ut</strong></span> <span class='ocrx_word' id='word_1_92' title='bbox 159 1432 289 1494; x_wconf 86' lang='lat' dir='ltr'><strong>Romana</strong></span> <span class='ocrx_word' id='word_1_93' title='bbox 303 1435 382 1494; x_wconf 84' lang='lat' dir='ltr'><strong>foret</strong></span> <span class='ocrx_word' id='word_1_94' title='bbox 397 1435 488 1512; x_wconf 89' lang='lat' dir='ltr'><strong>magis</strong></span> <span class='ocrx_word' id='word_1_95' title='bbox 506 1435 551 1495; x_wconf 88' lang='lat' dir='ltr'><strong>bis</strong></span> <span class='ocrx_word' id='word_1_96' title='bbox 566 1437 707 1496; x_wconf 87' lang='lat' dir='ltr'><strong>instructa</strong></span> <span class='ocrx_word' id='word_1_97' title='bbox 721 1437 881 1512; x_wconf 65' lang='lat' dir='ltr'><strong>megistum</strong></span> 
     </span>
     <span class='ocr_line' id='line_1_16' title="bbox 104 1513 782 1596; baseline 0.006 -22"><span class='ocrx_word' id='word_1_98' title='bbox 104 1513 205 1592; x_wconf 87' lang='lat' dir='ltr'><strong>Nune,</strong></span> <span class='ocrx_word' id='word_1_99' title='bbox 222 1513 386 1596; x_wconf 77' lang='lat' dir='ltr'><strong>Capitolino</strong></span> <span class='ocrx_word' id='word_1_100' title='bbox 401 1518 493 1579; x_wconf 90' lang='lat' dir='ltr'><strong>veluti</strong></span> <span class='ocrx_word' id='word_1_101' title='bbox 508 1518 642 1579; x_wconf 76' lang='lat' dir='ltr'><strong>turbante</strong></span> <span class='ocrx_word' id='word_1_102' title='bbox 658 1515 782 1581; x_wconf 75' lang='lat' dir='ltr'><strong>Camillo</strong></span> 
     </span>
     <span class='ocr_line' id='line_1_17' title="bbox 104 1598 750 1681; baseline 0.011 -24"><span class='ocrx_word' id='word_1_103' title='bbox 104 1598 232 1659; x_wconf 85' lang='lat' dir='ltr'><strong>Ensibus</strong></span> <span class='ocrx_word' id='word_1_104' title='bbox 247 1609 278 1659; x_wconf 93' lang='lat' dir='ltr'><strong>et</strong></span> <span class='ocrx_word' id='word_1_105' title='bbox 294 1602 398 1661; x_wconf 87' lang='lat' dir='ltr'><strong>trutina</strong></span> <span class='ocrx_word' id='word_1_106' title='bbox 415 1598 489 1662; x_wconf 80' lang='lat' dir='ltr'><strong>Galli</strong></span> <span class='ocrx_word' id='word_1_107' title='bbox 503 1602 608 1681; x_wconf 81' lang='lat' dir='ltr'><strong>lugere</strong></span> <span class='ocrx_word' id='word_1_108' title='bbox 629 1602 750 1678; x_wconf 86' lang='lat' dir='ltr'><strong>relicta,</strong></span> 
     </span>
    </p>

    <p class='ocr_par' dir='ltr' id='par_1_10' title="bbox 13 1677 752 1845">
     <span class='ocr_line' id='line_1_18' title="bbox 102 1682 746 1762; baseline 0.004 -21.636"><span class='ocrx_word' id='word_1_109' title='bbox 102 1682 155 1741; x_wconf 83' lang='lat' dir='ltr'><strong>Sic</strong></span> <span class='ocrx_word' id='word_1_110' title='bbox 170 1684 262 1742; x_wconf 88' lang='lat' dir='ltr'><strong>nostri</strong></span> <span class='ocrx_word' id='word_1_111' title='bbox 277 1682 378 1761; x_wconf 92' lang='lat' dir='ltr'><strong>palare</strong></span> <span class='ocrx_word' id='word_1_112' title='bbox 393 1702 481 1743; x_wconf 90' lang='lat' dir='ltr'><strong>serres</strong></span> <span class='ocrx_word' id='word_1_113' title='bbox 497 1684 630 1745; x_wconf 88' lang='lat' dir='ltr'><strong>dicuutur</strong></span> <span class='ocrx_word' id='word_1_114' title='bbox 645 1694 675 1744; x_wconf 92' lang='lat' dir='ltr'><strong>et</strong></span> <span class='ocrx_word' id='word_1_115' title='bbox 690 1687 746 1762; x_wconf 89' lang='lat' dir='ltr'><strong>ipsi</strong></span> 
     </span>
     <span class='ocr_line' id='line_1_19' title="bbox 103 1763 752 1845; baseline 0.003 -21"><span class='ocrx_word' id='word_1_116' title='bbox 103 1763 143 1824; x_wconf 84' lang='lat' dir='ltr'><strong>Ut</strong></span> <span class='ocrx_word' id='word_1_117' title='bbox 158 1765 252 1826; x_wconf 79' lang='lat' dir='ltr'><strong>ferale</strong></span> <span class='ocrx_word' id='word_1_118' title='bbox 269 1782 339 1825; x_wconf 88' lang='lat' dir='ltr'><strong>suos</strong></span> <span class='ocrx_word' id='word_1_119' title='bbox 355 1783 427 1826; x_wconf 88' lang='lat' dir='ltr'><strong>onus</strong></span> <span class='ocrx_word' id='word_1_120' title='bbox 443 1767 606 1845; x_wconf 89' lang='lat' dir='ltr'><strong>exstirpare</strong></span> <span class='ocrx_word' id='word_1_121' title='bbox 624 1766 752 1827; x_wconf 92' lang='lat' dir='ltr'><strong>libellos.</strong></span> 
     </span>
    </p>

    <p class='ocr_par' dir='ltr' id='par_1_11' title="bbox 13 1846 839 1928">
     <span class='ocr_line' id='line_1_20' title="bbox 13 1846 839 1928; baseline 0.004 -23"><span class='ocrx_word' id='word_1_122' title='bbox 13 1909 14 1920; x_wconf 47' lang='lat'><strong>,</strong></span> <span class='ocrx_word' id='word_1_123' title='bbox 105 1846 186 1924; x_wconf 83' lang='lat' dir='ltr'><strong>Ergo</strong></span> <span class='ocrx_word' id='word_1_124' title='bbox 201 1846 389 1910; x_wconf 86' lang='lat' dir='ltr'><strong>Numantinus</strong></span> <span class='ocrx_word' id='word_1_125' title='bbox 405 1849 589 1928; x_wconf 76' lang='lat' dir='ltr'><strong>Libycusque</strong></span> <span class='ocrx_word' id='word_1_126' title='bbox 609 1850 717 1911; x_wconf 89' lang='lat' dir='ltr'><strong>erravit</strong></span> <span class='ocrx_word' id='word_1_127' title='bbox 733 1851 762 1909; x_wconf 89' lang='lat' dir='ltr'><strong>in</strong></span> <span class='ocrx_word' id='word_1_128' title='bbox 782 1853 839 1910; x_wconf 90' lang='lat' dir='ltr'><strong>isto</strong></span> 
     </span>
    </p>

    <p class='ocr_par' dir='ltr' id='par_1_12' title="bbox 13 1931 857 2093">
     <span class='ocr_line' id='line_1_21' title="bbox 13 1931 857 2012; baseline 0.004 -22"><span class='ocrx_word' id='word_1_129' title='bbox 13 1999 14 2011; x_wconf 11' lang='grc' dir='ltr'>χ</span> <span class='ocrx_word' id='word_1_130' title='bbox 104 1931 224 2010; x_wconf 88' lang='lat' dir='ltr'><strong>Scipio,</strong></span> <span class='ocrx_word' id='word_1_131' title='bbox 241 1933 289 2010; x_wconf 92' lang='lat' dir='ltr'><strong>qui</strong></span> <span class='ocrx_word' id='word_1_132' title='bbox 305 1931 419 1994; x_wconf 87' lang='lat' dir='ltr'><strong>llbodio</strong></span> <span class='ocrx_word' id='word_1_133' title='bbox 435 1933 527 1992; x_wconf 87' lang='lat' dir='ltr'><strong>erevit</strong></span> <span class='ocrx_word' id='word_1_134' title='bbox 544 1933 688 1993; x_wconf 76' lang='lat' dir='ltr'><strong>formante</strong></span> <span class='ocrx_word' id='word_1_135' title='bbox 702 1933 857 2012; x_wconf 87' lang='lat' dir='ltr'><strong>magistro,</strong></span> 
     </span>
     <span class='ocr_line' id='line_1_22' title="bbox 106 2011 836 2093; baseline 0.004 -21"><span class='ocrx_word' id='word_1_136' title='bbox 106 2011 213 2073; x_wconf 80' lang='lat' dir='ltr'><strong>Cetera</strong></span> <span class='ocrx_word' id='word_1_137' title='bbox 230 2024 258 2074; x_wconf 91' lang='lat' dir='ltr'><strong>et</strong></span> <span class='ocrx_word' id='word_1_138' title='bbox 273 2015 323 2076; x_wconf 91' lang='lat' dir='ltr'><strong>illa</strong></span> <span class='ocrx_word' id='word_1_139' title='bbox 337 2033 436 2076; x_wconf 89' lang='lat' dir='ltr'><strong>manus</strong></span> <span class='ocrx_word' id='word_1_140' title='bbox 451 2014 532 2076; x_wconf 92' lang='lat' dir='ltr'><strong>bello</strong></span> <span class='ocrx_word' id='word_1_141' title='bbox 547 2017 672 2076; x_wconf 83' lang='lat' dir='ltr'><strong>facunda</strong></span> <span class='ocrx_word' id='word_1_142' title='bbox 690 2016 836 2093; x_wconf 91' lang='lat' dir='ltr'><strong>secundo,</strong></span> 
     </span>
    </p>

    <p class='ocr_par' dir='ltr' id='par_1_13' title="bbox 104 2096 742 2177">
     <span class='ocr_line' id='line_1_23' title="bbox 104 2096 742 2177; baseline 0.003 -21"><span class='ocrx_word' id='word_1_143' title='bbox 104 2096 188 2170; x_wconf 80' lang='lat' dir='ltr'><strong>Quos</strong></span> <span class='ocrx_word' id='word_1_144' title='bbox 205 2099 279 2158; x_wconf 91' lang='lat' dir='ltr'><strong>iuter</strong></span> <span class='ocrx_word' id='word_1_145' title='bbox 295 2100 385 2177; x_wconf 88' lang='lat' dir='ltr'><strong>prisci</strong></span> <span class='ocrx_word' id='word_1_146' title='bbox 400 2101 542 2160; x_wconf 87' lang='lat' dir='ltr'><strong>sententia</strong></span> <span class='ocrx_word' id='word_1_147' title='bbox 560 2100 607 2160; x_wconf 92' lang='lat' dir='ltr'><strong>dia</strong></span> <span class='ocrx_word' id='word_1_148' title='bbox 624 2096 742 2160; x_wconf 83' lang='lat' dir='ltr'><strong>Catonis</strong></span> 
     </span>
    </p>

    <p class='ocr_par' dir='ltr' id='par_1_14' title="bbox 14 2181 844 2259">
     <span class='ocr_line' id='line_1_24' title="bbox 14 2181 844 2259; baseline 0 -18"><span class='ocrx_word' id='word_1_149' title='bbox 14 2223 15 2230; x_wconf 19' lang='grc' dir='ltr'><strong>κ</strong></span> <span class='ocrx_word' id='word_1_150' title='bbox 102 2181 189 2242; x_wconf 85' lang='lat' dir='ltr'><strong>Scire</strong></span> <span class='ocrx_word' id='word_1_151' title='bbox 205 2182 281 2250; x_wconf 83' lang='lat' dir='ltr'><strong>adeo</strong></span> <span class='ocrx_word' id='word_1_152' title='bbox 297 2183 392 2259; x_wconf 86' lang='lat' dir='ltr'><strong>magui</strong></span> <span class='ocrx_word' id='word_1_153' title='bbox 409 2182 545 2256; x_wconf 87' lang='lat' dir='ltr'><strong>iecisset,</strong></span> <span class='ocrx_word' id='word_1_154' title='bbox 564 2191 695 2243; x_wconf 89' lang='lat' dir='ltr'><strong>utrumne</strong></span> <span class='ocrx_word' id='word_1_155' title='bbox 710 2182 844 2256; x_wconf 87' lang='lat' dir='ltr'><strong>secundis</strong></span> 
     </span>
    </p>

    <p class='ocr_par' dir='ltr' id='par_1_15' title="bbox 14 2262 956 2679">
     <span class='ocr_line' id='line_1_25' title="bbox 14 2262 829 2346; baseline 0.001 -22"><span class='ocrx_word' id='word_1_156' title='bbox 14 2309 15 2342; x_wconf 66' lang='lat'><strong>,</strong></span> <span class='ocrx_word' id='word_1_157' title='bbox 105 2264 152 2324; x_wconf 79' lang='lat' dir='ltr'><strong>An</strong></span> <span class='ocrx_word' id='word_1_158' title='bbox 169 2267 261 2343; x_wconf 88' lang='lat' dir='ltr'><strong>magis</strong></span> <span class='ocrx_word' id='word_1_159' title='bbox 278 2266 410 2326; x_wconf 89' lang='lat' dir='ltr'><strong>adversis</strong></span> <span class='ocrx_word' id='word_1_160' title='bbox 424 2274 515 2325; x_wconf 89' lang='lat' dir='ltr'><strong>staret</strong></span> <span class='ocrx_word' id='word_1_161' title='bbox 530 2266 658 2328; x_wconf 86' lang='lat' dir='ltr'><strong>Romana</strong></span> <span class='ocrx_word' id='word_1_162' title='bbox 674 2262 829 2346; x_wconf 79' lang='lat' dir='ltr'><strong>propago?</strong></span> 
     </span>
     <span class='ocr_line' id='line_1_26' title="bbox 103 2348 863 2428; baseline -0.001 -20"><span class='ocrx_word' id='word_1_163' title='bbox 103 2348 227 2409; x_wconf 87' lang='lat' dir='ltr'><strong>Scilicet</strong></span> <span class='ocrx_word' id='word_1_164' title='bbox 243 2349 393 2409; x_wconf 89' lang='lat' dir='ltr'><strong>adversis:</strong></span> <span class='ocrx_word' id='word_1_165' title='bbox 415 2365 480 2409; x_wconf 90' lang='lat' dir='ltr'><strong>uam</strong></span> <span class='ocrx_word' id='word_1_166' title='bbox 498 2366 584 2428; x_wconf 91' lang='lat' dir='ltr'><strong>quum</strong></span> <span class='ocrx_word' id='word_1_167' title='bbox 602 2349 755 2410; x_wconf 83' lang='lat' dir='ltr'><strong>defendier</strong></span> <span class='ocrx_word' id='word_1_168' title='bbox 774 2350 863 2410; x_wconf 83' lang='lat' dir='ltr'><strong>armis</strong></span> 
     </span>
     <span class='ocr_line' id='line_1_27' title="bbox 104 2430 897 2512; baseline 0 -21"><span class='ocrx_word' id='word_1_169' title='bbox 104 2430 215 2492; x_wconf 56' lang='lat' dir='ltr'><strong>‘Suadet</strong></span> <span class='ocrx_word' id='word_1_170' title='bbox 228 2447 309 2492; x_wconf 91' lang='lat' dir='ltr'><strong>amor</strong></span> <span class='ocrx_word' id='word_1_171' title='bbox 323 2433 436 2511; x_wconf 88' lang='lat' dir='ltr'><strong>patriae</strong></span> <span class='ocrx_word' id='word_1_172' title='bbox 457 2441 486 2493; x_wconf 90' lang='lat' dir='ltr'><strong>et</strong></span> <span class='ocrx_word' id='word_1_173' title='bbox 504 2435 619 2512; x_wconf 86' lang='lat' dir='ltr'><strong>captiva</strong></span> <span class='ocrx_word' id='word_1_174' title='bbox 640 2432 794 2511; x_wconf 87' lang='lat' dir='ltr'><strong>penatibus</strong></span> <span class='ocrx_word' id='word_1_175' title='bbox 806 2449 897 2507; x_wconf 88' lang='lat' dir='ltr'><strong>uxor,</strong></span> 
     </span>
     <span class='ocr_line' id='line_1_28' title="bbox 106 2512 956 2595; baseline 0.001 -20"><span class='ocrx_word' id='word_1_176' title='bbox 106 2512 266 2592; x_wconf 73' lang='lat' dir='ltr'><strong>Convenit,</strong></span> <span class='ocrx_word' id='word_1_177' title='bbox 285 2523 316 2574; x_wconf 91' lang='lat' dir='ltr'><strong>ut</strong></span> <span class='ocrx_word' id='word_1_178' title='bbox 330 2517 448 2594; x_wconf 87' lang='lat' dir='ltr'><strong>vespis,</strong></span> <span class='ocrx_word' id='word_1_179' title='bbox 465 2533 585 2595; x_wconf 85' lang='lat' dir='ltr'><strong>quarum</strong></span> <span class='ocrx_word' id='word_1_180' title='bbox 601 2516 702 2591; x_wconf 91' lang='lat' dir='ltr'><strong>domus</strong></span> <span class='ocrx_word' id='word_1_181' title='bbox 718 2534 787 2578; x_wconf 90' lang='lat' dir='ltr'><strong>arce</strong></span> <span class='ocrx_word' id='word_1_182' title='bbox 802 2514 956 2590; x_wconf 79' lang='lat' dir='ltr'><strong>Monetae,</strong></span> 
     </span>
     <span class='ocr_line' id='line_1_29' title="bbox 108 2597 854 2679; baseline 0 -21"><span class='ocrx_word' id='word_1_183' title='bbox 108 2598 204 2659; x_wconf 85' lang='lat' dir='ltr'><strong>Turba</strong></span> <span class='ocrx_word' id='word_1_184' title='bbox 219 2600 319 2675; x_wconf 79' lang='lat' dir='ltr'><strong>rigens</strong></span> <span class='ocrx_word' id='word_1_185' title='bbox 337 2598 445 2658; x_wconf 89' lang='lat' dir='ltr'><strong>strictis</strong></span> <span class='ocrx_word' id='word_1_186' title='bbox 460 2615 515 2679; x_wconf 89' lang='lat' dir='ltr'><strong>per</strong></span> <span class='ocrx_word' id='word_1_187' title='bbox 530 2599 608 2660; x_wconf 88' lang='lat' dir='ltr'><strong>lutea</strong></span> <span class='ocrx_word' id='word_1_188' title='bbox 631 2615 756 2678; x_wconf 90' lang='lat' dir='ltr'><strong>corpora</strong></span> <span class='ocrx_word' id='word_1_189' title='bbox 772 2597 854 2670; x_wconf 80' lang='lat' dir='ltr'><strong>telis3</strong></span> 
     </span>
    </p>

    <p class='ocr_par' dir='ltr' id='par_1_16' title="bbox 14 2680 801 2760">
     <span class='ocr_line' id='line_1_30' title="bbox 14 2680 801 2760; baseline 0.003 -21"><span class='ocrx_word' id='word_1_190' title='bbox 14 2699 15 2724; x_wconf 63' lang='lat'><em>³</em></span> <span class='ocrx_word' id='word_1_191' title='bbox 106 2680 160 2740; x_wconf 83' lang='lat' dir='ltr'><strong>Ast</strong></span> <span class='ocrx_word' id='word_1_192' title='bbox 174 2681 223 2741; x_wconf 91' lang='lat' dir='ltr'><strong>ubi</strong></span> <span class='ocrx_word' id='word_1_193' title='bbox 239 2700 310 2760; x_wconf 92' lang='lat' dir='ltr'><strong>spes</strong></span> <span class='ocrx_word' id='word_1_194' title='bbox 330 2698 433 2742; x_wconf 85' lang='lat' dir='ltr'><strong>secura</strong></span> <span class='ocrx_word' id='word_1_195' title='bbox 448 2682 540 2758; x_wconf 88' lang='lat' dir='ltr'><strong>redit,</strong></span> <span class='ocrx_word' id='word_1_196' title='bbox 561 2682 652 2745; x_wconf 87' lang='lat' dir='ltr'><strong>oblita</strong></span> <span class='ocrx_word' id='word_1_197' title='bbox 669 2682 801 2744; x_wconf 84' lang='lat' dir='ltr'><strong>favorum</strong></span> 
     </span>
    </p>

    <p class='ocr_par' dir='ltr' id='par_1_17' title="bbox 28 2763 901 2927">
     <span class='ocr_line' id='line_1_31' title="bbox 28 2763 841 2843; baseline 0.001 -19"><span class='ocrx_word' id='word_1_198' title='bbox 28 2815 32 2824; x_wconf 93' lang='lat'><em>.</em></span> <span class='ocrx_word' id='word_1_199' title='bbox 107 2763 193 2823; x_wconf 90' lang='lat' dir='ltr'><strong>Plebs</strong></span> <span class='ocrx_word' id='word_1_200' title='bbox 207 2773 358 2843; x_wconf 90' lang='lat' dir='ltr'><strong>materque</strong></span> <span class='ocrx_word' id='word_1_201' title='bbox 373 2782 428 2824; x_wconf 89' lang='lat' dir='ltr'><strong>una</strong></span> <span class='ocrx_word' id='word_1_202' title='bbox 444 2782 545 2826; x_wconf 91' lang='lat' dir='ltr'><strong>somno</strong></span> <span class='ocrx_word' id='word_1_203' title='bbox 563 2768 722 2827; x_wconf 84' lang='lat' dir='ltr'><strong>moriuntur</strong></span> <span class='ocrx_word' id='word_1_204' title='bbox 737 2765 841 2826; x_wconf 89' lang='lat' dir='ltr'><strong>obeso.</strong></span> 
     </span>
     <span class='ocr_line' id='line_1_32' title="bbox 108 2845 901 2927; baseline 0.004 -22"><span class='ocrx_word' id='word_1_205' title='bbox 108 2845 320 2908; x_wconf 84' lang='lat' dir='ltr'><strong>Romulidarum</strong></span> <span class='ocrx_word' id='word_1_206' title='bbox 338 2849 425 2924; x_wconf 85' lang='lat' dir='ltr'><strong>igitur</strong></span> <span class='ocrx_word' id='word_1_207' title='bbox 439 2849 527 2925; x_wconf 86' lang='lat' dir='ltr'><strong>longa</strong></span> <span class='ocrx_word' id='word_1_208' title='bbox 544 2859 573 2910; x_wconf 91' lang='lat' dir='ltr'><strong>et</strong></span> <span class='ocrx_word' id='word_1_209' title='bbox 587 2851 686 2927; x_wconf 86' lang='lat' dir='ltr'><strong>gravis</strong></span> <span class='ocrx_word' id='word_1_210' title='bbox 702 2850 820 2910; x_wconf 90' lang='lat' dir='ltr'><strong>exitium</strong></span> <span class='ocrx_word' id='word_1_211' title='bbox 834 2865 901 2925; x_wconf 85' lang='lat' dir='ltr'><strong>pax.</strong></span> 
     </span>
    </p>

    <p class='ocr_par' dir='ltr' id='par_1_18' title="bbox 106 2928 986 3176">
     <span class='ocr_line' id='line_1_33' title="bbox 148 2928 986 3011; baseline 0.001 -22"><span class='ocrx_word' id='word_1_212' title='bbox 148 2928 212 2990; x_wconf 88' lang='lat' dir='ltr'><strong>lloo</strong></span> <span class='ocrx_word' id='word_1_213' title='bbox 227 2929 336 2991; x_wconf 85' lang='lat' dir='ltr'><strong>labella</strong></span> <span class='ocrx_word' id='word_1_214' title='bbox 352 2930 438 2991; x_wconf 92' lang='lat' dir='ltr'><strong>modo</strong></span> <span class='ocrx_word' id='word_1_215' title='bbox 455 2950 572 3010; x_wconf 90' lang='lat' dir='ltr'><strong>pausam</strong></span> <span class='ocrx_word' id='word_1_216' title='bbox 588 2934 666 2993; x_wconf 84' lang='lat' dir='ltr'><strong>iacit.</strong></span> <span class='ocrx_word' id='word_1_217' title='bbox 700 2931 829 3011; x_wconf 88' lang='lat' dir='ltr'><strong>Optima,</strong></span> <span class='ocrx_word' id='word_1_218' title='bbox 848 2931 986 3008; x_wconf 86' lang='lat' dir='ltr'><strong>posthac,</strong></span> 
     </span>
     <span class='ocr_line' id='line_1_34' title="bbox 107 3011 943 3092; baseline 0.001 -20"><span class='ocrx_word' id='word_1_219' title='bbox 107 3011 203 3089; x_wconf 81' lang='lat' dir='ltr'><strong>Musa,</strong></span> <span class='ocrx_word' id='word_1_220' title='bbox 219 3013 307 3074; x_wconf 91' lang='lat' dir='ltr'><strong>velim</strong></span> <span class='ocrx_word' id='word_1_221' title='bbox 324 3032 460 3089; x_wconf 89' lang='lat' dir='ltr'><strong>moneas,</strong></span> <span class='ocrx_word' id='word_1_222' title='bbox 478 3014 542 3074; x_wconf 91' lang='lat' dir='ltr'><strong>sine</strong></span> <span class='ocrx_word' id='word_1_223' title='bbox 558 3033 614 3092; x_wconf 92' lang='lat' dir='ltr'><strong>qua</strong></span> <span class='ocrx_word' id='word_1_224' title='bbox 629 3015 697 3075; x_wconf 91' lang='lat' dir='ltr'><strong>mibi</strong></span> <span class='ocrx_word' id='word_1_225' title='bbox 712 3014 791 3075; x_wconf 91' lang='lat' dir='ltr'><strong>nulla</strong></span> <span class='ocrx_word' id='word_1_226' title='bbox 805 3013 943 3091; x_wconf 87' lang='lat' dir='ltr'><strong>voluptas</strong></span> 
     </span>
     <span class='ocr_line' id='line_1_35' title="bbox 106 3096 938 3176; baseline 0.002 -21"><span class='ocrx_word' id='word_1_227' title='bbox 106 3096 231 3173; x_wconf 82' lang='lat' dir='ltr'><strong>Vivere,</strong></span> <span class='ocrx_word' id='word_1_228' title='bbox 250 3099 290 3156; x_wconf 92' lang='lat' dir='ltr'><strong>uti</strong></span> <span class='ocrx_word' id='word_1_229' title='bbox 306 3097 448 3176; x_wconf 86' lang='lat' dir='ltr'><strong>quondam</strong></span> <span class='ocrx_word' id='word_1_230' title='bbox 462 3098 575 3174; x_wconf 76' lang='lat' dir='ltr'><strong>Lydus,</strong></span> <span class='ocrx_word' id='word_1_231' title='bbox 591 3099 657 3158; x_wconf 91' lang='lat' dir='ltr'><strong>dum</strong></span> <span class='ocrx_word' id='word_1_232' title='bbox 672 3098 793 3174; x_wconf 76' lang='lat' dir='ltr'><strong>vama</strong></span> <span class='ocrx_word' id='word_1_233' title='bbox 809 3097 938 3176; x_wconf 87' lang='lat' dir='ltr'><strong>peribat,</strong></span> 
     </span>
    </p>

    <p class='ocr_par' dir='ltr' id='par_1_19' title="bbox 15 3177 902 3510">
     <span class='ocr_line' id='line_1_36' title="bbox 15 3177 902 3259; baseline -0.001 -20"><span class='ocrx_word' id='word_1_234' title='bbox 15 3217 16 3230; x_wconf 29' lang='grc' dir='ltr'><strong>κ</strong></span> <span class='ocrx_word' id='word_1_235' title='bbox 107 3177 188 3240; x_wconf 85' lang='lat' dir='ltr'><strong>Nune</strong></span> <span class='ocrx_word' id='word_1_236' title='bbox 202 3179 301 3240; x_wconf 91' lang='lat' dir='ltr'><strong>itidem</strong></span> <span class='ocrx_word' id='word_1_237' title='bbox 316 3182 443 3258; x_wconf 90' lang='lat' dir='ltr'><strong>migrare</strong></span> <span class='ocrx_word' id='word_1_238' title='bbox 460 3181 553 3250; x_wconf 88' lang='lat' dir='ltr'><strong>velis;</strong></span> <span class='ocrx_word' id='word_1_239' title='bbox 575 3181 626 3240; x_wconf 88' lang='lat' dir='ltr'><strong>vel</strong></span> <span class='ocrx_word' id='word_1_240' title='bbox 641 3181 766 3259; x_wconf 87' lang='lat' dir='ltr'><strong>denique</strong></span> <span class='ocrx_word' id='word_1_241' title='bbox 789 3179 902 3259; x_wconf 87' lang='lat' dir='ltr'><strong>quidvis</strong></span> 
     </span>
     <span class='ocr_line' id='line_1_37' title="bbox 108 3261 853 3341; baseline 0.001 -19"><span class='ocrx_word' id='word_1_242' title='bbox 108 3261 144 3322; x_wconf 87' lang='lat' dir='ltr'><strong>tu</strong></span> <span class='ocrx_word' id='word_1_243' title='bbox 158 3263 213 3324; x_wconf 90' lang='lat' dir='ltr'><strong>dea</strong></span> <span class='ocrx_word' id='word_1_244' title='bbox 228 3280 337 3341; x_wconf 90' lang='lat' dir='ltr'><strong>quaere</strong></span> <span class='ocrx_word' id='word_1_245' title='bbox 354 3264 450 3333; x_wconf 72' lang='lat' dir='ltr'><strong>aliud:</strong></span> <span class='ocrx_word' id='word_1_246' title='bbox 473 3273 582 3325; x_wconf 89' lang='lat' dir='ltr'><strong>tautum</strong></span> <span class='ocrx_word' id='word_1_247' title='bbox 598 3262 727 3325; x_wconf 85' lang='lat' dir='ltr'><strong>Romana</strong></span> <span class='ocrx_word' id='word_1_248' title='bbox 742 3262 853 3324; x_wconf 76' lang='lat' dir='ltr'><strong>Caleno</strong></span> 
     </span>
     <span class='ocr_line' id='line_1_38' title="bbox 109 3344 827 3427; baseline 0.001 -24"><span class='ocrx_word' id='word_1_249' title='bbox 109 3344 221 3407; x_wconf 86' lang='lat' dir='ltr'><strong>bloenia</strong></span> <span class='ocrx_word' id='word_1_250' title='bbox 236 3347 379 3408; x_wconf 89' lang='lat' dir='ltr'><strong>iucundos</strong></span> <span class='ocrx_word' id='word_1_251' title='bbox 393 3349 561 3427; x_wconf 89' lang='lat' dir='ltr'><strong>pariterque</strong></span> <span class='ocrx_word' id='word_1_252' title='bbox 578 3357 677 3408; x_wconf 90' lang='lat' dir='ltr'><strong>averte</strong></span> <span class='ocrx_word' id='word_1_253' title='bbox 692 3346 827 3408; x_wconf 90' lang='lat' dir='ltr'><strong>Sabinos.</strong></span> 
     </span>
     <span class='ocr_line' id='line_1_39' title="bbox 110 3426 854 3510; baseline 0.005 -22"><span class='ocrx_word' id='word_1_254' title='bbox 110 3426 186 3488; x_wconf 86' lang='lat' dir='ltr'><strong>llaec</strong></span> <span class='ocrx_word' id='word_1_255' title='bbox 201 3445 272 3508; x_wconf 87' lang='lat' dir='ltr'><strong>ego;</strong></span> <span class='ocrx_word' id='word_1_256' title='bbox 297 3438 356 3490; x_wconf 90' lang='lat' dir='ltr'><strong>tum</strong></span> <span class='ocrx_word' id='word_1_257' title='bbox 370 3431 471 3510; x_wconf 89' lang='lat' dir='ltr'><strong>paucis</strong></span> <span class='ocrx_word' id='word_1_258' title='bbox 483 3430 537 3491; x_wconf 93' lang='lat' dir='ltr'><strong>dea</strong></span> <span class='ocrx_word' id='word_1_259' title='bbox 554 3449 598 3491; x_wconf 90' lang='lat' dir='ltr'><strong>me</strong></span> <span class='ocrx_word' id='word_1_260' title='bbox 616 3431 764 3508; x_wconf 78' lang='lat' dir='ltr'><strong>dignarier</strong></span> <span class='ocrx_word' id='word_1_261' title='bbox 779 3430 854 3492; x_wconf 86' lang='lat' dir='ltr'><strong>iniit:</strong></span> 
     </span>
    </p>
   </div>
   <div class='ocr_carea' id='block_1_3' title="bbox 0 0 1310 3946">
    <p class='ocr_par' dir='ltr' id='par_1_20' title="bbox 0 0 1310 3946">
     <span class='ocr_line' id='line_1_40' title="bbox 0 0 1310 3946; baseline 0 0"><span class='ocrx_word' id='word_1_262' title='bbox 0 0 1310 3946; x_wconf 95' lang='lat' dir='ltr'><strong> </strong></span> 
     </span>
    </p>
   </div>
  </div>
 </body>
</html>
