2590 3946
191 223 233 282 4ο
384 207 388 214 ’
532 229 568 277 n.
593 228 665 276 rura.
690 225 879 275 ruvnsnurs

192 373 255 434 Una
278 370 422 431 laboranti
443 369 552 448 poterit
574 383 747 428 succurrere
771 366 867 427 lunae.

192 455 317 534 Imponit
341 452 427 512 linem
450 454 567 531 sapiens
592 461 621 512 et
643 448 731 510 rebus
753 449 899 516 honestis:

110 581 112 588 -
192 539 265 600 Nam
288 555 364 618 quac
387 537 474 596 docta
495 536 578 594 nimis
602 537 681 613 cupit
703 542 732 592 et
753 531 876 593 facunda
899 529 1003 608 videri,
1132 540 1186 594 445

194 621 287 683 Grure
308 629 393 680 tenus
415 620 512 680 medio
535 619 647 679 tunicas
669 618 844 694 succingere
868 613 967 693 debet,

193 706 328 768 (laedere
351 703 469 764 Silvano
491 719 628 781 porcum,
651 701 810 781 quadrante
833 699 934 760 lavari.

192 789 258 850 Non
280 788 387 849 habeat
407 795 553 862 matrona,
578 784 629 845 tibi
652 802 727 863 quae
749 785 846 846 iuncta
869 781 1022 860 recumbit,

192 871 315 935 Dicendi
337 889 447 950 genus,
470 878 519 930 aut
541 887 659 928 curvum
681 884 816 928 sermone
838 874 934 928 rotato

193 957 342 1037 l'orqueat
366 953 564 1029 enthymema,
588 969 644 1012 nec
667 952 803 1014 historias
826 952 898 1012 sciat
921 968 1038 1018 omnes;
1133 957 1189 1010 450

193 1041 253 1102 Sed
277 1037 418 1120 quaedam
440 1054 478 1095 ex
500 1036 581 1097 libris
606 1045 635 1096 et
656 1053 714 1096 non
736 1034 897 1113 intellegat.
923 1032 978 1095 0di

192 1125 273 1187 lianc
296 1139 371 1199 ego,
396 1137 471 1198 quac
494 1121 601 1199 repetit
624 1121 775 1199 volvitque
799 1119 982 1184 Palaemonis
1006 1127 1107 1191 artem,

193 1210 316 1269 Servata
338 1221 455 1281 semper
478 1204 547 1282 lege
570 1212 599 1264 et
621 1205 733 1264 ratione
758 1202 909 1284 loquendi,

192 1292 373 1369 Ignotosque
397 1287 464 1347 mibi
487 1296 568 1349 tenet
590 1289 748 1366 antiquaria
771 1305 887 1362 versus,

193 1375 259 1434 Nec
287 1371 414 1432 curanda
434 1371 504 1432 viris
529 1373 634 1449 opicae
662 1373 786 1450 castigat
811 1372 924 1432 amicae
1132 1375 1187 1429 455

192 1457 306 1518 Verba:
335 1455 540 1516 soloecismum
561 1455 650 1517 liceat
672 1456 782 1516 iecisse
804 1455 916 1516 marito.

234 1539 283 1601 Nil
303 1556 361 1599 non
383 1541 521 1618 permittit
542 1539 646 1603 mulier
668 1539 740 1616 sibi,
765 1549 850 1619 turpe
876 1546 955 1617 putat
979 1537 1030 1612 nil,

194 1624 287 1700 Quum
308 1623 417 1684 virides
438 1641 569 1700 gemmas
593 1622 672 1684 collo
697 1622 887 1688 circumdedit
910 1631 940 1682 et
965 1637 1051 1701 quum

192 1707 319 1768 Auribus
345 1709 475 1770 extensis
497 1724 618 1784 magnos
641 1709 784 1768 commisit
808 1706 959 1768 elenchos.

192 1791 407 1853 Intolerabilius
431 1792 502 1852 nihil
529 1801 589 1870 cst,
615 1809 700 1870 quam
721 1791 826 1852 lemica
849 1792 942 1851 dives.
1130 1795 1188 1850 460
1286 1857 1287 1876 ¹

192 1876 306 1937 Interea
330 1874 418 1936 ioeda
441 1885 563 1954 aspectu
585 1874 764 1955 ridendaque
785 1875 873 1935 multo
910 1949 915 1952 ,

192 1960 270 2021 Ρ555
296 1968 386 2020 tumet
408 1959 501 2022 iacies
523 1969 571 2020 aut
594 1960 711 2040 pinguia
734 1959 911 2038 Poppaeana

192 2043 307 2123 Spirat,
331 2054 360 2104 et
381 2043 448 2104 hinc
469 2045 567 2104 miseri
588 2045 735 2106 viscantur
757 2041 838 2104 labra
860 2043 968 2102 mariti:

192 2127 239 2188 Ad
260 2127 412 2187 moechum
430 2128 491 2188 lota
512 2129 630 2189 veniunt
650 2137 725 2189 cute.
759 2125 879 2202 Quando
899 2123 992 2186 videri
1165 2191 1167 2194 ,

192 2211 262 2271 Vult
282 2211 411 2271 formosa
431 2209 531 2274 domi?
562 2211 694 2273 moechis
718 2211 819 2271 foliata
841 2217 992 2289 parantum
1131 2215 1188 2272 455

191 2293 243 2354 1115
266 2295 385 2370 emitur,
410 2296 547 2375 quidquid
570 2296 699 2374 graciles
720 2294 908 2355 hucmittitis
929 2291 1002 2352 lndi.

160 2450 164 2456 .
193 2377 322 2438 Tandem
342 2381 436 2457 aperit
455 2380 565 2440 vultum
586 2389 616 2439 et
637 2381 763 2440 tectoria
785 2379 876 2456 prima
898 2375 1030 2456 reponit:

192 2461 297 2540 Incipit
318 2464 456 2540 agnosci,
482 2472 569 2543 atque
592 2463 643 2526 illo
667 2463 744 2524 lacte
768 2463 896 2538 fovetur,

192 2544 318 2623 Propter
339 2547 418 2626 quod
435 2565 535 2608 secum
552 2549 674 2609 comites
695 2547 793 2610 educit
813 2546 934 2623 5551155,

192 2627 269 2688 Exul
289 2627 513 2708 Hyperboreum
536 2633 560 2690 si
582 2632 739 2693 dimittatur
762 2631 798 2693 ad
820 2648 914 2690 axem.
1133 2631 1189 2688 470
1286 2675 1287 2720 ;

193 2713 254 2772 Sed
279 2731 355 2793 quae
379 2716 494 2775 mutatis
517 2715 661 2774 inducitur
687 2713 914 2793 atquciovetur

193 2796 248 2856 Pot
269 2797 506 2858 medicaminibus
530 2807 693 2876 coctaeque
718 2796 840 2874 siliginis
863 2795 937 2855 ollas

193 2879 311 2959 Accipit
333 2888 362 2940 et
383 2882 534 2957 madidae,
559 2881 652 2941 iacies
675 2881 789 2942 dicetur
811 2896 847 2939 an
869 2874 976 2939 ulcus?

235 2962 289 3024 Est
312 2968 435 3043 pretium
457 2983 545 3024 curae
568 2964 684 3043 penitus
709 2979 911 3044 cognoscere,
934 2970 995 3021 toto

194 3046 269 3122 Quid
291 3047 398 3109 iaciant
419 3049 588 3127 agitentque
609 3049 666 3108 dic.
704 3050 735 3110 Si
755 3056 843 3108 nocte
864 3047 982 3108 maritus
1132 3049 1190 3106 415
1286 3113 1287 3122 ,

193 3132 325 3191 11555555
346 3132 449 3206 iacuit,
473 3133 560 3209 periit
581 3131 716 3210 libraria,
740 3140 850 3210 ponunt

194 3213 351 3276 Gosmetae
373 3217 502 3292 tunicas,
526 3217 608 3276 tarde
632 3218 750 3276 venisse
772 3215 915 3276 Liburnus

192 3298 304 3359 Dicitur
326 3307 356 3358 et
377 3315 488 3377 poenas
510 3299 598 3360 alieni
621 3301 751 3379 pendere
775 3301 867 3360 somni

194 3378 330 3458 Cogitur:
359 3381 407 3443 bic
429 3382 536 3460 frangit
555 3383 680 3460 1555155,
703 3383 788 3445 rubet
810 3384 860 3444 illc
883 3381 1014 3461 flagello,

192 3463 247 3524 llic
270 3465 379 3527 scutica
386 3487 395 3542 3
418 3476 483 3528 sunt
505 3485 581 3547 quae
603 3468 761 3544 tortoribus
783 3485 875 3530 annua
897 3472 1056 3547 praestent.
1130 3469 1185 3525 485
1286 3553 1287 3564 ¹
