2590 3946
196 229 237 292 82
525 240 560 287 n.
583 240 654 288 run.
677 239 863 288 rovnuaurs

196 381 235 442 lit
255 397 407 461 numquam
425 380 497 439 visis
518 379 636 457 triginta
659 378 737 439 clara
760 378 902 439 mamillis.

197 465 325 526 Tandem
345 465 431 524 intrat
449 463 561 542 positas
583 461 695 522 inclusa
715 480 770 540 per
791 478 920 541 aequora
940 462 1036 524 moles

197 549 435 626 Tyrrhenamque
455 546 567 625 pharon
589 554 785 626 porrectaque
807 545 926 606 brachia
948 564 1071 624 rursum,

198 633 280 707 Quae
302 631 410 710 pelago
434 637 588 692 occurrunt
607 628 702 689 medio
724 628 874 709 longeque
894 630 1061 710 relinquunt

196 716 309 777 ltaliam
327 715 406 794 (non
429 715 473 773 sic
495 713 583 791 igitur
601 713 746 774 mirabere
766 722 880 791 portus,

197 799 278 873 Quos
300 806 399 858 natura
421 797 537 877 dedit);
560 798 613 857 sed
634 805 735 858 trunca
757 814 855 876 puppe
876 797 1015 875 magister

196 883 338 942 Interiora
358 882 432 960 petit
453 879 576 942 Baianae
595 881 697 958 pervia
720 880 853 957 cymbae,

197 966 262 1026 'luti
285 975 387 1043 stagna
409 965 504 1040 sinus,
527 965 654 1042 gaurleni
674 962 724 1024 ubi
745 965 857 1024 vertice
878 981 947 1025 raso

198 1048 319 1110 Garrula
340 1050 437 1109 securi
458 1066 577 1108 narrare
594 1047 727 1127 pericula
747 1056 861 1108 nautae.

239 1133 282 1194 lte
301 1133 405 1210 igitur,
428 1134 531 1212 pueri,
552 1131 659 1209 linguis
682 1133 841 1211 animisque
863 1130 1008 1208 faventes,

198 1219 341 1296 Sertaque
365 1215 495 1276 delubris
517 1225 545 1276 et
564 1217 641 1276 farra
663 1216 802 1294 imponite
823 1215 923 1276 cultris

198 1301 243 1360 Ac
263 1299 369 1360 molles
391 1308 491 1360 ornate
513 1300 598 1358 locos
620 1299 796 1377 glebamque
818 1299 973 1360 virentem!

197 1383 257 1444 lam
279 1400 387 1461 sequar
409 1393 440 1442 et
461 1399 562 1458 sacro,
581 1382 661 1463 quod
681 1391 828 1460 praestat,
847 1383 902 1444 rite
924 1385 1045 1462 peracto

196 1467 267 1528 lule
289 1466 404 1527 domum
426 1474 573 1545 repetam,
592 1465 720 1544 graciles
742 1466 790 1526 ubi
813 1483 902 1545 parra
925 1483 1051 1528 coronas

197 1550 352 1629 Accipiunt
373 1549 470 1628 fragili
491 1549 644 1610 simulacra
665 1550 785 1610 nitentia
804 1567 886 1612 cera..

196 1635 251 1694 llic
271 1641 400 1694 nostrum
421 1632 547 1712 placabo
567 1632 668 1704 lovem
689 1631 867 1714 Laribusque
890 1636 1019 1713 paternis

197 1717 273 1778 'lura
295 1716 370 1777 dabo
393 1725 480 1795 atque
503 1734 604 1777 omnes
625 1716 722 1778 violae
745 1717 860 1778 iactabo
882 1717 1009 1779 colores.
1100 1749 1105 1754 ·

198 1799 309 1862 Cuncta
331 1801 436 1869 nitent;
455 1800 562 1878 longos
584 1803 679 1863 erexit
698 1804 782 1862 ianua
804 1818 900 1862 ramos

196 1885 234 1946 Et
256 1885 398 1945 matutinis
417 1894 557 1964 operatur
579 1885 655 1947 festa
674 1886 814 1947 lucernis.

195 1968 261 2029 Nec
283 1978 421 2048 suspecta
441 1968 494 2029 tihi
516 1970 571 2029 siut
590 1968 681 2046 baec,
705 1967 847 2030 Corvino:
871 1967 1012 2046 Catullus,

196 2053 252 2112 Pro
274 2053 354 2113 ouius
376 2051 471 2113 reditu
491 2061 535 2114 tot
556 2070 634 2133 pono
657 2053 769 2129 altaria,
793 2070 901 2131 parvos

198 2134 272 2197 'l'res
293 2135 382 2196 babet
402 2135 540 2197 heredes.
584 2136 670 2198 Libet
690 2145 883 2215 exspectare,
907 2138 971 2218 quis
989 2154 1106 2216 aegram
1150 2147 1188 2202 95

196 2219 234 2280 nt
256 2219 438 2280 claudentem
462 2221 564 2281 oeulos
585 2220 721 2298 gallinam
741 2221 888 2298 impendat
909 2222 1002 2282 amico

196 2303 267 2363 'l'am
284 2302 376 2363 sterili
383 2325 390 2372 ;
411 2321 511 2365 vorum
531 2305 606 2366 baec
626 2306 711 2366 nimra
733 2306 944 2384 estimpensa:
968 2307 1101 2366 coturnix

195 2386 282 2449 Nulla
301 2405 433 2467 umquam
454 2405 508 2467 pro
531 2398 614 2468 patre
634 2388 727 2450 cadet.
771 2387 887 2449 Sentire
909 2390 1037 2450 calorem

196 2472 228 2531 Si
248 2471 347 2551 eoepit
367 2470 503 2552 locuples
526 2471 641 2535 Gallitta
663 2482 692 2534 et
713 2473 834 2534 Paccius
858 2473 932 2550 orbi,

195 2554 337 2632 legitime
359 2555 426 2616 lixis
446 2557 569 2616 vestitur
591 2566 651 2620 tota
671 2556 780 2618 libellis
1133 2569 1187 2620 loo

195 2639 346 2715 Porticus,
371 2641 513 2700 exsistunt
535 2641 584 2718 qui
607 2643 774 2720 promittant
795 2641 1004 2708 hecatomben:

196 2722 345 2796 Quatenus
365 2722 414 2782 bic
433 2740 490 2782 non
511 2732 574 2782 sunt
596 2740 652 2782 nec
674 2723 797 2783 venales
818 2723 976 2802 elephanti,

194 2804 259 2866 Nec
279 2805 361 2866 Latio
384 2813 432 2867 aut
454 2823 573 2885 usquam
594 2805 648 2865 sub
670 2815 770 2865 nostro
798 2807 895 2866 sidere
916 2804 982 2866 talis

195 2888 296 2951 Bellua
319 2889 498 2966 concipitur,
522 2889 575 2948 sed
597 2888 680 2949 furva
699 2897 788 2966 gente
814 2891 905 2967 petita

194 2972 358 3033 Arboribus
380 2970 492 3032 Rutulis
515 2982 544 3032 et
565 2971 652 3032 ’lurni
673 2974 804 3052 pascitur
821 2990 905 3051 agro,
1134 2984 1186 3038 105

196 3054 332 3116 Caesaris
354 3064 529 3133 armentum,
549 3056 620 3117 nulli
641 3058 753 3118 servire
775 3066 905 3136 paratum

194 3139 323 3207 Privato;
348 3139 491 3218 siqnidem
513 3140 601 3216 Tyrio
621 3159 726 3221 parere
750 3141 885 3202 solebant

193 3221 346 3283 Hannibali
369 3233 397 3284 et
414 3227 521 3285 nostris
544 3225 665 3286 ducibus
683 3226 806 3305 regique
828 3225 959 3287 blolosso

193 3304 302 3366 Horum
323 3308 450 3368 maiores
470 3327 505 3369 ae
527 3309 615 3370 dorso
638 3311 718 3371 lorre
742 3310 881 3370 cohortes

194 3391 310 3452 Partem
330 3392 455 3472 aliquam
472 3392 603 3472 bellique
625 3403 654 3455 et
677 3402 790 3454 euntem
810 3396 838 3454 in
856 3394 970 3473 proelia
986 3403 1102 3453 turrem.
1132 3403 1185 3456 11⁰

192 3472 279 3534 Nulla
297 3477 384 3554 igitur
405 3475 560 3557 morspec
581 3477 719 3555 Novium,
742 3495 822 3540 mora
844 3478 922 3539 nulla
943 3497 996 3557 per
1014 3474 1140 3535 Histrum
