2582 3950
198 237 224 286 1
587 238 796 288 russinolo.

196 383 372 454 nalispriratae
381 381 553 456 indignationis
567 397 653 440 uocem
666 399 723 440 oum
739 385 836 455 prubllca
852 387 988 442 eommunis
1004 386 1181 458 depravationis

195 465 365 524 monnone
376 466 478 523 ieioiter
488 467 613 523 coniunxit
627 481 769 538 summaque
779 467 931 525 nemmem
941 469 991 526 oris
1001 469 1112 528 iheum
1124 487 1181 528 oum
1286 463 1287 534 l

195 551 357 623 praesentium
372 549 499 608 nominum
515 551 647 607 reverentia
662 550 793 622 pmdeuter
809 551 886 608 mixta
901 559 927 607 et
938 552 985 608 sibi
1005 559 1030 610 et
1046 556 1136 626 populo
1147 555 1180 611 ita
1285 593 1286 598 η

194 633 1180 711 mmseut,urqrstooeommenteoqoteeemasoeeqsrqmm.
1285 639 1286 656 ,

195 717 1066 792 mmmmmmoomapeafrepoenonoaoreomeocome.
1095 720 1181 792 Neque

195 809 277 859 tamen
292 803 344 873 ipse
352 801 402 858 hoo
418 803 442 857 in
453 816 568 857 successu
584 800 702 873 aoprierit
718 815 804 873 neque,
814 802 873 857 dnm
883 802 973 860 alienos
990 817 1071 859 mores
1082 805 1179 876 carpsit,
1286 827 1287 834 ¹

196 902 244 944 suo
256 891 351 942 tantum
358 886 458 958 ingenio
468 885 574 947 indulsit,
584 884 627 940 sed
638 889 766 956 postquam
776 885 800 940 in
810 885 930 956 prioribus
939 901 1027 943 norem
1037 887 1117 942 satiris
1127 887 1181 958 phi·

197 969 324 1041 losephiae
332 970 374 1025 rix
383 969 457 1024 ullam
467 973 509 1022 aut
519 967 630 1024 notitiam
640 973 683 1024 aut
691 975 828 1039 respectum
837 969 956 1041 prodidit,
968 971 1015 1026 soli
1023 971 1142 1043 deniqne.
1153 977 1182 1028 ut

193 1053 230 1110 ite
241 1054 333 1116 dicam,
350 1057 463 1107 ostenae
478 1051 573 1107 verimi
588 1051 695 1108 inienuus
709 1052 880 1109 vereormdiam
891 1060 917 1109 et
926 1053 1057 1124 pudorem,
1073 1055 1181 1110 internae

192 1137 309 1204 honitatis
319 1136 404 1208 signa,
414 1135 504 1205 passim
518 1149 568 1190 non
584 1135 654 1191 laesit
663 1135 743 1191 minus
759 1151 832 1208 qnam
848 1136 969 1202 defendit,
990 1137 1108 1194 aiecium
1124 1138 1180 1194 inde

194 1221 267 1292 plene
278 1225 385 1275 mutatus
401 1233 451 1274 non
461 1218 651 1291 indignationem
666 1226 761 1276 uotum
779 1219 1014 1292 reprehendenclique
1025 1222 1180 1278 acerbitatem

193 1303 238 1360 sod
249 1303 393 1372 sapientiam
409 1303 482 1358 simul
492 1308 564 1374 atque
573 1301 706 1359 honentatis
721 1303 828 1360 studium
839 1318 896 1374 prae
914 1318 942 1360 se
957 1305 1005 1360 lert
1014 1311 1090 1377 utque
1099 1305 1180 1362 minus

193 1385 240 1442 sibi
251 1386 276 1441 in
286 1385 415 1442 uerborum
426 1385 519 1442 lusibus
534 1386 697 1458 irrisionisque
709 1387 799 1442 aenleis
814 1387 908 1459 planet,
925 1388 959 1442 ita
970 1389 1136 1461 castigationis
1146 1390 1179 1444 ri·

192 1484 280 1542 goram
290 1470 452 1540 persuasionis
461 1476 487 1524 et
497 1470 621 1526 doetrinae
630 1477 820 1541 temperamento
836 1471 988 1534 moderaturr
1004 1487 1052 1544 quo
1062 1471 1088 1529 in
1098 1473 1179 1529 sudio

192 1553 239 1609 etsi
247 1553 305 1608 irino
314 1553 370 1608 inde
379 1567 424 1624 pro
435 1553 535 1623 pristino
552 1555 642 1625 poetici
658 1554 757 1624 spiritum
773 1555 858 1611 udone
874 1555 912 1611 vel
923 1554 1092 1612 scholasticam
1102 1554 1178 1614 Stoici

192 1637 336 1710 gravitatem
345 1636 417 1693 offert
427 1638 541 1708 ipsosque
550 1637 660 1693 acerrimi
669 1637 761 1710 ingenii
776 1654 862 1695 sensus
872 1645 997 1711 tamquam
1013 1639 1125 1712 magistri
1136 1641 1178 1696 ali-

191 1721 261 1776 enius
270 1720 360 1776 noua
370 1721 467 1791 perfert,
480 1721 552 1776 faoile
561 1727 641 1777 tamen
652 1721 802 1792 ignoscimus
811 1723 864 1778 seni
873 1729 973 1778 strenuo
984 1729 1009 1778 et
1018 1723 1122 1787 amabili
1137 1739 1178 1796 qiu

190 1804 248 1860 lieet
260 1809 361 1860 aetatem
378 1805 446 1876 qnasi
464 1804 551 1860 monio
568 1805 644 1872 leret,
657 1812 730 1876 eaput
744 1813 825 1862 tamen
836 1820 968 1877 numquam
979 1806 1084 1862 demittit
1099 1821 1178 1879 neque

190 1888 275 1960 magni
286 1888 335 1944 oris
352 1888 446 1945 sonitus
457 1888 584 1960 compn'mi
602 1889 707 1961 patitur,
724 1891 768 1946 sed
784 1892 820 1946 vel
840 1889 1011 1961 ootogenarius
1029 1890 1054 1944 in
1071 1891 1177 1948 molarias
1286 1935 1287 1938 ,

189 1971 374 2042 superstitiones
390 1973 621 2046 peregrinarumque
637 1973 785 2046 religionum
799 1974 939 2030 foeditatem
951 1972 1036 2027 eadem
1053 1974 1178 2030 iracundia

190 2054 327 2120 invehitur,
340 2071 392 2134 'qua
403 2057 462 2113 olim
471 2037 624 2128 populanum
643 2057 778 2125 luxuriam,
789 2059 925 2123 mnitatonu
939 2057 1064 2113 auaritiam
1074 2058 1176 2114 nnmvit.

191 2137 302 2211 Namque
312 2146 434 2196 extremas
443 2141 529 2197 sau‘ras
538 2142 586 2197 ianr
596 2141 716 2198 Hadnauo
728 2143 861 2211 imperante
871 2139 974 2210 scriptas
984 2155 1046 2208 esse,
1058 2156 1107 2197 uon
1120 2140 1176 2196 lun·

189 2236 235 2277 ons
245 2229 339 2278 mutum
351 2223 447 2289 consul
461 2239 533 2297 quem
549 2225 660 2297 superius
674 2225 876 2291 memoravimus,
894 2223 937 2278 sen
950 2223 1065 2280 Fonteius
1080 2240 1176 2296 quoque

190 2306 289 2378 arguit,
308 2307 377 2363 ouirrs
387 2308 557 2381 mag'stratum
567 2325 641 2382 quum
652 2307 703 2364 Sat.
717 2307 783 2363 Xlll.
795 2311 829 2368 17
848 2306 975 2377 sexaginta
993 2322 1110 2362 annorum
1121 2323 1176 2378 spa-

189 2390 226 2445 tio
238 2405 252 2446 a
262 2405 306 2446 sua
323 2399 401 2447 aemte
410 2392 558 2466 distinguat,
573 2393 625 2448 sive
641 2408 664 2446 a.
675 2394 711 2450 59
724 2390 849 2446 consulem
865 2389 1025 2454 intellexeris,
1037 2391 1068 2446 ad
1081 2405 1102 2448 a.
1115 2395 1174 2457 119,

188 2473 241 2527 sive
259 2487 316 2528 enm
326 2474 460 2548 Borghesio
471 2492 542 2545 eum,
558 2476 599 2549 qui
610 2490 632 2532 a.
643 2477 678 2532 67
695 2473 863 2531 conuiuio
876 2472 941 2529 linio
953 2473 1105 2531 consulatum
1118 2488 1176 2547 ges·

189 2557 237 2623 sit,
259 2557 288 2612 ad
298 2559 378 2629 ipsum
388 2560 455 2616 lunoi
467 2575 557 2615 annum
575 2561 624 2616 lui
641 2573 667 2628 p.
680 2557 738 2614 Chr.
755 2557 884 2620 delearis.
901 2556 966 2613 uncle
979 2558 1090 2630 quintum
1109 2565 1176 2614 nerto

189 2639 286 2705 librum,
298 2642 338 2713 qui
348 2645 433 2699 satiras
443 2642 663 2700 tertiamdeoimam
671 2648 695 2696 et
705 2648 833 2713 sequentes
839 2639 1029 2712 comprehendit,
1041 2642 1176 2698 adlladria·

187 2724 214 2778 ni
227 2730 335 2795 tempora
348 2729 467 2798 pertinere
478 2739 578 2781 necesse
586 2735 633 2779 est.
645 2723 682 2778 lie
693 2725 745 2780 solo
753 2732 840 2796 quarto
852 2725 970 2782 librosiue
982 2727 1061 2782 satiris
1072 2726 1173 2792 decima,

187 2807 330 2877 undecima,
343 2811 493 2876 duodecima,
504 2822 566 2879 quae
576 2807 691 2879 peculiari
705 2811 821 2880 temporis
830 2816 889 2867 neta
899 2816 993 2875 carent,
1008 2825 1098 2881 aneeps
1113 2810 1175 2866 iudi·

187 2892 255 2946 oium
265 2900 310 2958 est,
322 2894 368 2948 nisi
376 2893 441 2966 qrrod
452 2894 545 2947 interna
555 2891 636 2947 indole
645 2898 671 2948 et
680 2893 747 2964 ipsae
756 2895 863 2965 quintam
869 2895 969 2966 propius
975 2908 1048 2965 peram
1054 2894 1174 2964 tresprio-

185 2989 228 3029 res
239 2977 375 3048 attingunt;
387 2991 434 3047 qua
445 2975 471 3030 in
481 2989 553 3031 eausa
562 2974 604 3031 ille
614 2976 718 3032 maxime
728 2977 797 3034 loeus
805 2978 1030 3036 animadvertendus
1040 2983 1090 3044 est,
1103 2992 1175 3049 quem

186 3057 282 3114 decima
291 3060 363 3114 satira
373 3074 396 3113 v.
406 3061 522 3116 tionum
529 3057 591 3116 xlv.
603 3065 654 3120 315
665 3075 820 3119 communem
829 3063 909 3128 hebet,
921 3063 943 3117 si
953 3061 1007 3132 quis
1020 3061 1082 3116 alins
1093 3061 1172 3116 oleris

185 3142 251 3197 sime
266 3139 377 3197 Stoionm
395 3142 465 3198 illum
480 3142 611 3214 sapientiae
633 3147 726 3203 erutum
742 3146 873 3215 exhibens,
891 3160 964 3218 quam
984 3143 1019 3198 illi
1037 3142 1173 3215 philosophi

186 3225 269 3280 omnis
278 3225 384 3280 numinis
400 3226 476 3282 instar
484 3227 764 3303 existimabantpraepue
772 3246 801 3286 ea
810 3247 858 3287 non
870 3231 982 3285 fortunae
991 3233 1086 3282 mutum
1092 3242 1172 3294 nasus,

186 3308 232 3364 sed
244 3307 317 3364 etiam
328 3323 371 3365 eos
381 3309 439 3366 deos
449 3311 605 3382 spernebant,
618 3315 659 3387 qui
671 3329 745 3386 quum
756 3315 831 3386 vulgo
843 3327 923 3370 rernm
933 3311 1079 3368 naturalium
1090 3317 1173 3367 anoto-

186 3403 228 3444 res
238 3388 399 3463 haberentur,
412 3395 514 3451 inventis
524 3397 577 3452 aliis
587 3397 673 3452 harum
682 3398 761 3452 causis
771 3411 802 3451 ue
813 3398 860 3468 ipsi
869 3395 967 3468 qrrirlem
978 3395 1041 3450 ultra
1050 3395 1173 3466 legitimas

184 3473 329 3533 cerimonias
346 3480 474 3536 venerandi
493 3479 710 3541 mmmdebantun
728 3477 1048 3552 huirrsigiturprudeotioe,
1068 3478 1173 3532 oriusin

182 3559 347 3630 superioribus
356 3561 434 3621 satiris
445 3577 576 3620 nonomen
591 3563 688 3635 quidem
698 3567 790 3632 exstat,
807 3563 829 3618 si
840 3579 855 3620 a
866 3568 951 3636 quarto
963 3560 1020 3616 inde
1030 3559 1092 3617 libro
1104 3559 1174 3617 inre-
