2590 3946
206 237 247 298 98
520 249 554 296 o.
577 249 649 297 run.
670 249 857 298 wvuususs

206 385 315 447 Oeeani
335 397 462 447 monstra
487 395 516 447 et
538 389 658 446 iuvenes
681 386 791 447 uidisse
811 389 946 447 marinos.

205 469 270 529 Non
292 487 364 529 unus
386 479 498 530 mentes
519 470 609 549 agitat
635 471 731 530 furor:
752 470 803 530 ille
823 474 934 530 sororis

204 553 236 612 ln
257 552 386 615 manibus
408 551 489 614 rubo
510 551 698 614 Eumenidum
718 561 844 614 terretur
865 563 894 614 et
915 556 985 632 igni,
1138 572 1194 624 ‘28⁵

204 636 256 696 llio
278 636 355 696 bove
378 654 521 716 percusso
538 637 650 715 mugire
672 636 889 713 Agamemnona
912 638 1005 699 eredit

203 721 262 778 Aut
282 718 425 788 ltbaoum;
447 729 550 800 pareat
571 721 676 780 tuoieis
698 718 768 780 lieet
791 727 878 798 atque
901 720 1037 799 lacernis,

204 799 353 863 Goratoris
377 812 462 882 eget,
492 803 541 882 qni
565 821 668 863 navem
691 802 836 863 mercibus
858 802 960 882 implet

203 886 248 946 Ad
271 903 408 946 summum
427 885 501 946 latus
524 896 553 947 et
573 885 672 948 tabula
691 885 874 964 distinguitur
895 888 981 963 unda,

203 969 295 1043 Quum
318 970 355 1028 sit
377 987 464 1030 eausa
491 969 558 1030 mali
579 971 649 1030 tanti
671 977 701 1030 et
723 969 893 1030 discriminis
918 969 1001 1032 boios
1136 989 1192 1042 290

203 1050 358 1112 Goneisum
381 1061 530 1130 argentum
551 1053 580 1112 iu
600 1051 699 1116 titulos
725 1052 877 1132 faciesque
901 1054 1032 1116 minutas.

202 1133 364 1196 Ooourruut
385 1135 477 1196 nobes
500 1146 529 1196 et
550 1135 681 1214 fulgura:
715 1135 828 1197 Solvite
849 1136 958 1213 funem,

200 1215 346 1279 Frumenti
368 1219 500 1280 dominus
524 1219 628 1281 elamat
649 1221 798 1298 piperisve
822 1222 959 1299 ooempti,

200 1300 248 1362 Nil
271 1302 356 1364 oolor
375 1303 423 1364 bio
445 1303 540 1380 coeli,
567 1304 607 1363 nil
633 1301 725 1364 lasela
745 1302 827 1380 nigra
852 1304 988 1370 minatum

201 1384 350 1447 Aestirum
373 1395 462 1446 tonat.
487 1421 528 1433 -
559 1385 666 1448 lnielix
686 1385 742 1447 bae
764 1385 885 1446 forsitan
906 1389 969 1464 ipsa
1132 1401 1187 1458 295

200 1466 293 1528 Noete
317 1469 393 1529 eadit
415 1469 514 1529 lraotis
538 1468 683 1544 trabibus,
705 1469 852 1549 llootuque
873 1478 1023 1548 premetur

201 1549 326 1611 Obrutus
348 1561 378 1610 et
399 1569 501 1612 aonam
524 1551 608 1613 laeva
630 1568 786 1631 morsuque
808 1552 927 1613 tenebit.

200 1634 259 1694 Sed
281 1635 362 1694 ouius
384 1636 461 1694 votis
483 1635 569 1696 modo
593 1653 651 1695 non
670 1637 828 1696 subederat
850 1653 959 1713 aurum,

198 1715 284 1789 Quod
306 1716 403 1795 'lagos
427 1727 456 1778 et
479 1718 564 1780 mtila
589 1718 681 1779 volvit
702 1718 839 1780 Pactolos
858 1736 956 1795 arena,

198 1798 314 1877 Frigida
337 1801 483 1862 sulieient
505 1801 637 1863 velantes
657 1803 772 1880 inguina
795 1804 880 1882 panni
1129 1818 1186 1872 300

196 1883 387 1963 Exiguusque
413 1885 513 1962 eibos,
534 1903 629 1949 mersa
654 1895 717 1946 rate
740 1887 895 1964 naufragos
921 1903 1015 1945 assem

198 1966 271 2026 Dum
296 1978 382 2045 rogat
405 1978 434 2028 et
456 1972 533 2049 pieta
555 1983 589 2030 se
611 1977 785 2050 tempestate
807 1975 912 2029 tuetur.

239 2049 338 2111 Tantis
361 2061 444 2130 parta
465 2051 642 2114 malis-eura
664 2053 774 2114 maiore
796 2061 933 2130 metuque

198 2135 363 2193 Servantur.
391 2133 498 2195 blisera
521 2138 681 2214 estmagni
702 2135 833 2198 custodia
854 2134 976 2196 oeneus!

197 2216 353 2294 Dispositis
377 2217 532 2296 praedives
553 2217 645 2282 hamis
666 2219 790 2297 vigilare
814 2219 963 2280 eobortem
1128 2233 1182 2290 305

197 2301 353 2360 Servorum
375 2311 462 2361 nootu
485 2301 599 2364 bieinus
621 2302 717 2380 iubet,
741 2303 876 2363 attonitus
899 2318 953 2380 pro

195 2382 316 2443 Eleotro
339 2385 488 2463 signisque
515 2389 574 2446 suis
595 2386 781 2466 Phrygiaque
804 2386 937 2447 oolumna

196 2465 292 2544 Atque
314 2466 406 2529 ebore
431 2479 460 2528 et
483 2469 541 2531 lata
564 2470 717 2530 testudine.
752 2468 839 2530 Dialia
854 2470 931 2529 ‘nudi

195 2548 260 2608 Non
283 2551 384 2612 ardent
408 2549 523 2629 Cyni0i3
549 2555 573 2613 si
595 2554 737 2632 fregeris,
761 2553 853 2614 altera
877 2553 926 2613 iret

197 2631 268 2693 Cras
291 2634 408 2712 domus,
432 2646 518 2716 atque
539 2638 641 2698 eadem
659 2636 778 2716 plumbo
794 2637 946 2697 commissa
965 2637 1099 2699 manebit.
1128 2649 1183 2703 sio

196 2717 292 2776 Sensit
317 2718 500 2795 Alexander,
527 2728 602 2781 testa
623 2737 709 2799 quum
729 2719 802 2779 vidit
822 2721 850 2777 in
873 2719 922 2778 illa

194 2798 328 2878 Magnum
349 2802 557 2876 habitatorem,
582 2809 688 2881 quanto
713 2799 829 2860 lelioior
848 2800 912 2874 bio,
936 2804 984 2878 qui

194 2882 241 2943 Nil
264 2895 401 2964 superet,
426 2902 510 2962 quam
534 2885 582 2962 qui
603 2892 693 2943 totum
716 2881 770 2942 sibi
792 2892 932 2961 posceret
957 2883 1067 2962 orbern,

195 2967 335 3027 Passurus
358 2971 450 3045 gestis
472 2968 621 3046 aequanda
644 2965 777 3047 pericula
797 2965 895 3026 rebus.

194 3050 309 3111 Nullum
331 3068 434 3110 numen
456 3051 557 3127 abest,
583 3051 609 3112 si
631 3053 669 3111 sit
689 3049 854 3130 prudentia3
880 3066 935 3112 nos
957 3061 997 3128 te,
1126 3063 1180 3118 315

194 3131 256 3193 Nos
279 3133 416 3210 lauimus,
439 3133 583 3214 Fortuna,
607 3135 699 3199 deam.
735 3131 869 3195 blensura
892 3143 986 3196 tamen
1007 3155 1081 3215 quae

194 3215 325 3277 Suilioiat
348 3233 469 3295 oeneus,
495 3221 519 3278 si
542 3222 606 3298 quis
628 3237 674 3280 me
701 3218 850 3293 consulat,
871 3218 968 3279 edam:

193 3298 382 3378 loquantum
405 3303 467 3363 sitis
489 3312 577 3381 atque
602 3305 693 3365 tames
718 3310 747 3361 et
771 3303 881 3379 frigora
900 3313 1035 3381 poscunt,

195 3382 351 3461 Quantum,
372 3383 517 3464 Epicure,
539 3387 591 3448 tibi
613 3389 710 3467 parvis
733 3386 848 3446 solleeit
869 3387 897 3445 in
920 3386 1022 3461 bortis,

194 3463 335 3540 Quantum
358 3467 502 3530 Socratici
527 3481 666 3551 oeperunt
689 3476 755 3532 aute
778 3478 909 3549 penates.
1123 3481 1177 3534 320
