2582 3950
525 237 651 285 sums
672 237 705 284 V.

139 376 308 442 ilibust-
323 377 474 455 ommni,
492 377 664 439 vobisbuno
681 383 811 455 praestat
832 376 983 454 bonorem,

140 463 203 524 Vos
228 463 299 522 estis
320 461 442 524 iratres!
477 461 607 521 dominus
629 469 725 520 tamen
747 468 777 519 et
798 459 904 521 domini
926 479 979 522 rex

142 549 173 607 Si
196 547 241 606 vis
263 555 293 607 tu
320 546 399 620 fieri,
422 543 518 605 nulius
539 543 591 604 tibi
613 543 752 624 parvulus
774 543 841 606 aula

136 631 257 690 'Luserit
280 629 399 689 Aeneas
423 646 480 688 nee
502 627 560 688 iiiia
578 627 696 688 numios
717 626 786 687 iiio:

139 713 298 774 Iucundum
323 721 352 774 et
374 728 470 771 aarum
492 711 602 774 sterilis
622 711 694 774 teat
711 727 790 771 uxor
810 710 941 772 amioum.

142 798 201 858 Sed
224 805 273 858 tna
295 814 371 857 nuno
389 793 506 873 Mpgale
528 796 622 873 pariat
638 791 713 854 'lieet
736 803 766 854 et
787 810 897 872 pueros
918 803 979 854 tres

139 881 174 941 ln
197 881 339 959 gremium
360 879 451 959 patris
473 879 573 940 irmdat
595 877 696 940 simul:
721 878 789 955 ipse
810 876 929 956 loquaci

142 963 285 1027 Gaudebit
306 961 391 1039 nido,
415 961 536 1023 viridem
558 961 678 1022 tboraoa
700 959 812 1020 iubebit

141 1049 249 1109 Afferri
270 1049 460 1124 minimasque
482 1063 573 1108 nuoes
596 1062 752 1126 assemque
774 1053 919 1122 rogatum,

141 1132 187 1193 Ad
209 1149 337 1192 mensem
358 1131 474 1209 quoties
497 1129 641 1210 parasitus
663 1129 778 1189 venerit
798 1128 950 1188 inians.-

142 1215 256 1277 Viiibns
279 1217 421 1295 unoipites
443 1215 524 1292 iungi
545 1221 690 1292 ponentur
712 1213 822 1287 amieis,

140 1300 263 1361 Boletos
284 1300 416 1368 domino;
441 1298 494 1359 sed
516 1297 619 1376 quales
642 1294 780 1357 Claudius
804 1295 864 1356 edit

141 1384 219 1444 Ante
239 1383 321 1444 illum
342 1383 460 1458 uxoris,
486 1391 555 1461 post
579 1398 664 1460 quem
684 1378 725 1440 nil
747 1378 870 1458 amplius
892 1379 961 1440 edit.

140 1468 228 1529 Virro
251 1466 306 1527 sibi
328 1475 358 1528 et
379 1466 501 1545 reliquis
520 1464 693 1526 Virronibus
714 1462 767 1523 illa
786 1463 900 1524 iubebit

140 1553 229 1613 Poma
253 1551 332 1629 deri,
354 1567 477 1630 quorum
497 1549 564 1610 soie
585 1549 716 1628 pasouris
739 1547 848 1617 odore;

142 1635 247 1711 Qualia
268 1643 430 1714 perpetuus
453 1633 616 1694 Phaeaoum
640 1641 790 1694 autumnus
811 1630 950 1707 babebat,

141 1717 274 1781 credere
298 1737 373 1798 quae
392 1719 490 1797 possis
507 1718 648 1798 subrepta
668 1715 820 1776 sororibus
841 1715 938 1776 Airis:

140 1804 186 1864 'l'u
209 1802 310 1864 scabie
331 1803 437 1864 frueris
458 1800 541 1878 muli,
564 1797 644 1880 quod
661 1801 690 1860 in
711 1815 824 1878 aggere
846 1799 934 1870 rodit,

141 1888 199 1962 Qui
221 1889 330 1965 tegitur
348 1903 447 1966 parma
468 1893 498 1945 et
518 1884 606 1962 galea
626 1893 818 1962 metuensque
841 1881 956 1960 flagelli

140 1971 237 2033 Disoit
258 1970 295 2046 ab
313 1971 422 2032 hirsuta
446 1968 571 2030 iaoulnrn
590 1977 734 2047 torquere
758 1966 884 2048 ospello.

140 2055 276 2116 Forsitan
296 2057 445 2134 impensae
465 2052 620 2113 Virronem
642 2069 768 2131 paruere
789 2047 915 2111 eredes?

140 2139 206 2202 iioo
229 2140 305 2217 egit,
331 2148 363 2198 ut
384 2136 500 2205 doleam
526 2153 591 2196 nem
613 2154 688 2216 quae
710 2135 879 2212 bonomia,
904 2132 1006 2193 mimus

142 2222 214 2298 Quis
236 2221 340 2285 melior
362 2220 498 2300 plorante
517 2219 608 2298 goia?
631 2237 704 2298 ergo
727 2222 823 2281 omnia
844 2219 925 2294 flunt,

140 2309 173 2368 si
194 2309 308 2383 neseis,
335 2315 367 2366 ut
389 2321 444 2384 per
465 2304 600 2365 iaorirnes
621 2303 775 2364 effundere
796 2303 885 2364 briem

139 2390 266 2469 cogaris
286 2406 453 2469 pressoque
475 2389 523 2448 diu
545 2388 670 2448 stridere
691 2388 803 2448 molari.

139 2474 185 2534 'iu
208 2473 260 2535 tibi
281 2473 357 2535 liber
377 2473 465 2533 bomo
490 2479 520 2531 et
541 2474 621 2548 regis
642 2473 765 2531 conviva
787 2469 913 2532 videris:

140 2557 265 2636 Captum
289 2567 320 2619 te
340 2557 443 2618 nidore
465 2571 537 2615 suae
560 2563 641 2634 putat
662 2554 713 2614 iile
736 2554 851 2616 oulinue

140 2641 205 2702 Neo
226 2641 302 2703 male
325 2643 486 2709 coniectat:
535 2639 600 2719 quis
624 2640 699 2698 enim
718 2638 906 2714 monades,
932 2645 962 2697 ut
983 2635 1063 2698 iilum

138 2727 189 2786 bis
208 2725 303 2803 ierat,
328 2725 484 2786 Etruscum
505 2739 599 2803 puero
620 2725 646 2783 si
668 2723 791 2800 oontigit
812 2739 912 2783 aarum

140 2808 198 2870 Vel
219 2808 312 2868 nodus
336 2819 444 2870 tantum
466 2817 497 2868 et
517 2808 631 2886 signnm
653 2807 690 2867 de
712 2824 843 2886 paupere
866 2802 953 2867 ioroi
1081 2809 1134 2865 ¹165

139 2895 218 2973 Spes
240 2891 318 2953 bene
340 2891 481 2953 eoenandi
502 2909 556 2951 vos
578 2881 704 2971 deoipit‘:
729 2909 803 2951 eooe
825 2890 904 2951 debit
925 2891 981 2950 ium

139 2979 293 3039 semesum
317 2976 450 3056 leporem
472 2983 561 3054 atque
584 2974 693 3053 aliquid
716 2975 753 3034 de
777 2973 911 3034 olunssrus
931 2973 1004 3052 apri,

140 3062 187 3122 Aa
212 3078 267 3122 nos
291 3062 347 3122 ium
370 3062 470 3122 ueniet
490 3060 584 3119 minor
607 3056 709 3126 altilis:
732 3057 800 3117 inde
822 3065 924 3136 parato

137 3145 313 3225 intactoque
335 3163 435 3207 ornnes
456 3152 487 3205 et
505 3145 607 3204 strieto
630 3158 707 3220 pane
724 3143 838 3202 tenetis.

139 3228 195 3289 ilie
218 3230 311 3308 sapit,
337 3232 385 3310 qui
408 3238 438 3289 te
461 3228 505 3288 sio
529 3227 638 3288 utitur:
677 3227 774 3286 omnia
793 3226 874 3287 ferre
1081 3223 1132 3281 lto

141 3314 174 3373 Si
188 3320 287 3388 potes,
312 3323 343 3374 et
367 3312 479 3373 debes:
501 3309 673 3392 pulsandum
695 3311 809 3371 vertioe
830 3327 898 3371 roso

140 3395 301 3457 Praebebis
323 3398 498 3477 mundoque
519 3403 608 3474 eaput
626 3411 682 3454 neo
705 3394 776 3454 dura
797 3394 912 3456 timebis

139 3479 249 3557 Flagra
272 3482 348 3560 pati,
372 3480 418 3540 bis
440 3478 535 3559 epulis
558 3487 588 3537 et
610 3478 663 3537 taii
685 3478 789 3555 dignus
812 3477 921 3538 anion!

496 3573 769 3583 ..———-——-..
