2590 3946
200 229 240 292 58
544 241 580 288 o.
602 239 674 288 mu.
697 239 884 288 ruvuusnrs

199 379 291 457 Finge
314 388 410 440 tamen
433 377 546 455 gladios
568 378 635 438 iude
658 386 744 456 atque
767 377 833 438 hine
857 376 970 455 pulpita
992 378 1077 457 poni:
1138 389 1190 444 195
1286 383 1287 424 ἶ

200 462 277 537 Quid
298 459 409 522 satius?
432 468 554 520 mortem
574 463 618 520 sic
640 462 790 539 quisquam
813 460 979 534 exhorruit,
1002 470 1033 520 ut
1056 463 1093 522 sit

200 545 362 625 Zelotypus
386 543 560 620 Thymeles,
582 544 689 621 stupidi
711 543 830 620 collega
849 540 1000 603 Corinthi?
1108 553 1111 558 '

199 629 260 690 Res
282 627 357 688 haud
377 628 448 687 mira
468 635 578 703 tamen,
602 626 771 687 citharoedo
794 628 942 705 principe,
966 629 1067 687 mimus
1183 697 1186 702 ⁵

199 710 323 773 Nobilis.
354 709 436 770 llaec
458 710 533 770 ultra
555 710 623 789 quid
650 709 705 768 erit
727 710 782 768 nisi
807 705 913 769 ludus?
936 718 966 769 et
987 709 1047 771 illic

199 794 337 855 Dedecus
358 793 438 854 urbis
459 792 569 868 habes,
590 810 645 852 neo
667 792 896 870 mirmillouiqiu
919 794 1015 869 armis,
1136 805 1190 860 auo

198 876 263 939 Nec
286 877 383 956 clipeo
407 874 567 937 Gracchum
589 883 764 955 pugnantem
786 884 834 934 aut
856 874 933 936 ialce
956 878 1073 955 supina;

199 960 322 1021 Damnat
347 961 421 1019 euim
443 959 517 1019 tales
538 959 663 1031 habitus,
682 959 724 1036 [et
747 959 861 1019 damnat
883 968 913 1020 et
934 961 1004 1035 odit,

199 1043 264 1104 Nec
285 1043 371 1122 galea
394 1043 499 1103 faciem
521 1039 707 1118 abscondit:]
730 1039 828 1098 movet
851 1058 924 1100 ecce
944 1042 1097 1104 tridentem
1119 1055 1159 1120 et,

200 1129 355 1206 Postquam
376 1126 488 1186 vibrata
509 1123 665 1205 pendentia
683 1125 756 1184 retia
782 1125 883 1186 dextra

199 1209 381 1289 Nequiquam
404 1209 521 1286 effudit,
550 1210 656 1269 nudum
676 1209 713 1268 ad
736 1209 907 1288 spectacula
928 1210 1037 1270 vultum
1134 1224 1188 1277 205

199 1294 295 1370 Erigit
316 1302 346 1353 et
365 1301 426 1352 tota
450 1293 524 1370 fugit
546 1290 749 1370 agnoscendus
772 1310 869 1352 arena.

201 1373 360 1436 Credamus
381 1377 513 1452 tunicae,
537 1375 573 1436 de
596 1375 729 1436 faucibus
753 1394 841 1436 aurea
866 1394 951 1453 quum
973 1394 1006 1435 se

199 1460 335 1536 Porrigat
355 1468 384 1518 et
404 1459 493 1536 longo
515 1460 640 1520 iactetur
660 1460 740 1538 spira
758 1457 882 1536 galero?

200 1542 281 1619 Ergo
304 1543 487 1619 ignominiam
509 1544 674 1618 graviorem
695 1543 815 1620 pertulit
838 1545 914 1602 omni

200 1625 330 1686 Vulnere
353 1642 417 1685 cum
440 1624 572 1686 Graccho
596 1627 692 1685 iussus
716 1644 847 1703 pugnare
869 1635 996 1687 secutor.
1136 1637 1189 1692 210

241 1708 346 1769 Libera
365 1711 390 1768 si
414 1708 518 1768 dentur
536 1709 648 1789 populo
672 1709 826 1787 suffragia,
853 1713 917 1788 quis
939 1718 995 1770 tam

199 1791 350 1868 Perditus,
373 1801 405 1851 ut
426 1790 537 1852 dubitet
561 1795 704 1854 Senecam
726 1794 878 1873 praeferre
900 1792 1020 1870 Neroni,

201 1873 289 1936 Cuius
308 1875 454 1955 supplicio
478 1893 537 1936 non
558 1877 657 1937 debuit
681 1893 738 1937 una
763 1878 858 1956 parari

201 1961 289 2020 Simia
311 1977 367 2018 nee
390 1977 513 2039 serpeus
535 1979 607 2020 uuus
628 1959 821 2020 necculleus
843 1955 939 2018 unus?

198 2041 256 2103 Par
275 2042 541 2119 Agamemnonidae
565 2046 687 2121 crimen,
711 2042 765 2103 sed
789 2061 876 2103 causa
897 2043 967 2104 iacit
988 2061 1050 2102 rem
1135 2054 1188 2108 215

199 2124 392 2186 Dissimilem:
416 2129 525 2206 quippe
547 2127 598 2188 ille
620 2127 683 2188 deis
703 2125 870 2186 auctoribus
892 2125 971 2186 ultor

199 2207 292 2268 Patris
314 2219 377 2270 erat
400 2212 479 2270 caesi
500 2211 594 2271 media
618 2212 693 2270 iuter
713 2209 834 2287 pocula;
859 2209 913 2268 sed
935 2227 991 2269 nec

199 2290 338 2352 Electrae
365 2293 464 2370 iugulo
488 2313 522 2353 se
545 2293 649 2372 polluit
674 2301 723 2353 aut
745 2293 879 2371 Spartani

199 2375 347 2452 Sanguine
370 2377 511 2455 coniugii,
537 2377 623 2437 nullis
645 2377 760 2436 aconita
785 2375 956 2455 propinquis

199 2457 333 2535 Miscuit,
357 2461 386 2518 iu
413 2477 502 2520 scena
523 2478 676 2538 numquam
699 2461 824 2520 cantavit
848 2457 980 2536 Orestes,
1135 2469 1189 2522 πο

197 2539 306 2602 Vroica
328 2559 385 2601 non
407 2545 534 2622 scripsit.
571 2543 646 2617 Quid
671 2545 746 2604 enim
764 2543 920 2622 Verginius
942 2542 1027 2603 armis

198 2623 308 2685 Debuit
331 2625 434 2686 ulcisci
456 2630 564 2705 magis,
582 2637 635 2687 -aut
659 2646 724 2688 cum
744 2627 867 2687 Vindice
890 2624 992 2700 Galba,

199 2706 286 2781 Quod
311 2706 390 2769 Nero
411 2719 469 2770 tam
495 2727 585 2770 saeva
611 2711 758 2790 crudaque
784 2707 934 2784 tyrannide
957 2704 1049 2766 iecit?

69 2789 78 2796 ’
197 2790 280 2852 llaec
303 2809 394 2872 opera
416 2803 503 2871 atque
526 2794 581 2853 hae
603 2801 669 2852 sunt
691 2793 829 2869 generosi
852 2791 991 2869 principis
1010 2797 1100 2867 artes,

194 2873 356 2936 ,Gaudentis
382 2876 472 2936 ioedo
496 2875 653 2955 peregrina
675 2875 711 2934 ad
733 2874 846 2954 pulpita
870 2880 954 2933 cantu
1134 2885 1186 2937 225

197 2957 334 3019 Prostitui
357 2958 518 3036 Graiaeque
541 2961 635 3037 apium
655 2959 797 3017 meruisse
821 2973 964 3018 coronae..

197 3039 338 3101 blaiorum
362 3042 477 3118 efligies
501 3041 626 3101 habeant
649 3043 772 3119 iusignia
793 3043 893 3102 uocis:

198 3125 275 3184 Ante
299 3123 391 3203 pedes
418 3123 526 3184 Domiti
552 3125 670 3202 longum
692 3134 721 3185 tu
743 3142 820 3205 pone
844 3124 991 3201 Thyestae

197 3208 301 3282 Sysma
323 3206 373 3266 vel
397 3205 560 3286 Antigones
583 3218 633 3269 aut
653 3226 809 3289 personam
832 3209 1026 3287 Menalippes,

197 3289 236 3349 Et
258 3290 295 3351 de
321 3308 483 3352 marmoreo
511 3293 648 3354 citharam
670 3293 818 3374 suspende
840 3293 972 3354 colosso.
1133 3301 1188 3354 2³0

198 3371 291 3450 Quid,
316 3371 457 3453 Catilina,
476 3377 533 3438 tuis
556 3378 698 3439 natalibus
721 3387 812 3456 atque
828 3377 953 3455 Cethegi

196 3454 328 3518 Inveniet
349 3461 500 3539 quisquam
522 3458 693 3523 sublimius?
716 3478 794 3522 arma
815 3470 912 3522 tamen
932 3473 986 3520 vos
