2590 3946
448 177 575 228 stultas
597 177 668 224 XV(

123 319 251 382 Naturae
278 316 401 396 irnperio
422 315 580 393 gemimus,
606 332 691 392 quum
712 314 796 377 funus
822 318 936 380 adultae

123 403 252 480 Virginis
276 400 403 461 occurrit
427 399 476 459 vel
499 408 577 459 terra
600 398 744 459 clauditur
769 400 863 461 inians

14 509 15 522 ¹
123 484 162 546 m
185 487 277 544 minor
297 485 366 562 igne
389 485 469 560 rogi;
494 484 557 561 quis
581 483 656 542 enim
678 482 773 542 bonus
797 493 826 544 et
846 485 912 547 lace
934 489 1036 567 dignus
1063 504 1112 557 140

14 635 15 654 p
123 569 258 644 Arcana,
282 567 398 647 qualem
424 564 543 626 Cereris
564 565 627 624 vult
650 583 718 626 esse
741 569 893 645 sacerdos,

123 651 192 713 Ulla
215 652 310 712 aliena
331 648 387 710 sibi
411 650 504 710 credit
525 645 622 710 mala?
659 649 785 727 Separat
807 651 866 715 hoc
887 671 941 714 uos

123 736 152 794 Α
177 753 270 812 grege
292 742 450 810 mutorum,
473 742 561 812 atque
583 732 651 792 ideo
674 733 844 794 venerabile
867 737 923 799 soli

123 819 225 880 Sortiti
246 818 391 896 ingenium
415 817 634 895 divinorumque
656 835 783 895 capaces
1009 894 1011 897 ι

124 902 222 980 Atque
250 900 424 962 exercendis
451 900 660 979 capiendisque
686 899 796 962 artibus
821 905 882 981 apti
1061 922 1111 976 115

122 987 248 1046 Sensum
275 1003 292 1046 a
315 984 440 1046 coelesti
465 985 620 1045 demissum
642 984 780 1045 traximus
802 1003 881 1062 aree,

124 1068 213 1130 Guius
236 1077 324 1148 egent
346 1085 438 1148 prona
461 1077 491 1129 et
511 1077 618 1129 terram
640 1069 812 1147 spectantia.
851 1069 948 1134 blundi

124 1153 269 1232 Principio
293 1153 412 1214 indulsit
437 1153 595 1213 communis
617 1152 751 1213 eonditor
773 1153 832 1213 illis

122 1237 247 1297 'lantum
270 1236 395 1312 animas,
418 1235 502 1295 nobis
525 1237 647 1297 animum
669 1253 802 1315 quoque,
826 1247 940 1300 mutuus
962 1252 992 1303 ut
1014 1263 1067 1306 nos

124 1321 257 1381 Allectus
281 1329 383 1400 petere
406 1319 541 1380 auxilium
564 1329 594 1379 et
618 1329 769 1398 praestare
792 1320 915 1401 iuberet,
1059 1343 1111 1394 150

23 1395 27 1406 '
124 1404 285 1483 Dispersus
308 1402 425 1463 trabere
446 1405 475 1463 in
496 1403 650 1482 populum,
674 1404 799 1480 migrare
822 1414 938 1467 vetusto

125 1487 171 1547 De
192 1504 311 1547 nemore
334 1495 364 1546 et
385 1488 502 1566 proauis
528 1485 669 1546 habitatas
692 1486 824 1565 linquere
850 1490 949 1570 silvas,

125 1570 290 1631 Aedificare
311 1569 431 1646 domos,
447 1569 565 1631 laribus
590 1571 770 1647 coniungere
791 1574 898 1634 nostris

122 1654 246 1714 'lectum
266 1653 359 1730 aliud,
387 1663 465 1714 tutos
486 1655 584 1714 vicino
610 1654 705 1713 limine
729 1670 847 1714 somnos

124 1737 163 1798 Ut
187 1737 293 1799 collata
314 1738 397 1798 daret
419 1737 541 1812 fiducia,
565 1745 724 1816 protegere
748 1738 834 1796 armis
1060 1758 1109 1810 155

44 1827 46 1832 '
123 1819 247 1900 Lapsuln
272 1831 321 1882 aut
342 1821 451 1898 ingenti
474 1828 619 1880 nutantem
641 1819 761 1879 vulnere
785 1821 888 1897 ciuem,

14 1905 15 1962 1
125 1903 274 1965 Communi
296 1906 366 1965 dare
388 1907 471 1982 signa
493 1902 577 1979 tuba,
606 1901 758 1963 defendier
784 1901 876 1963 isdem

122 1988 265 2049 Turribus
286 1999 374 2068 atque
395 2007 450 2049 una
473 1996 621 2066 portarum
646 1987 730 2047 clave
757 1989 860 2046 teneri.

122 2072 185 2133 Sed
207 2073 262 2132 iam
287 2081 452 2153 serpentum
475 2071 567 2132 maior
588 2069 764 2139 concordior
787 2072 881 2149 parcit

125 2155 265 2233 Gogoatis
287 2157 408 2217 maculis
429 2155 530 2216 similis
553 2154 635 2215 iera:
661 2153 776 2234 quando
799 2153 877 2215 leoni
1060 2171 1111 2224 160

123 2238 241 2299 Fortior
264 2240 369 2319 eripuit
388 2241 474 2301 vitam
497 2235 569 2298 leo?
595 2255 652 2317 quo
675 2254 794 2298 nemore
817 2257 948 2318 umquam

124 2322 292 2402 Exspiravit
317 2341 388 2402 aper
410 2325 527 2383 maioris
549 2321 682 2383 dentibus
705 2320 790 2400 april

124 2405 222 2468 lndica
245 2407 328 2484 tigris
356 2409 416 2486 agit
436 2406 536 2468 rabida
559 2425 623 2467 eum
643 2405 750 2482 tigride
773 2422 876 2484 paoem

125 2489 315 2569 Perpetuam,
342 2493 439 2551 saevis
462 2492 536 2550 iuter
559 2508 593 2550 se
616 2491 751 2551 convenit
769 2491 860 2549 ursis:

125 2573 181 2633 Ast
204 2574 309 2634 bomini
330 2574 438 2635 demum
462 2573 551 2636 letale
571 2573 677 2634 incude
699 2572 822 2633 nefanda
1058 2587 1110 2642 155

125 2656 301 2719 Produxisse
326 2676 427 2737 parum
452 2667 512 2733 est,
538 2675 624 2735 quum
646 2665 739 2718 rastra
761 2665 790 2716 et
816 2659 930 2721 sarcula
951 2669 1057 2721 tantum

125 2740 244 2801 Assueti
268 2759 398 2820 coquere
422 2750 452 2803 et
470 2743 570 2802 marris
593 2760 629 2802 ac
650 2759 770 2802 vomere
795 2741 865 2802 lassi

125 2823 291 2886 Nescierint
314 2826 398 2904 primi
420 2825 535 2902 gladios
562 2826 721 2886 extendere
743 2825 827 2885 labri.

126 2908 290 2987 Aspicimus
312 2909 456 2988 populos,
482 2925 604 2988 qnorum
625 2927 684 2969 non
705 2909 813 2968 sullieit
836 2910 896 2968 irae

125 2990 278 3054 Occidisse
300 2992 442 3071 aliquem,
466 2993 520 3054 sed
543 3003 685 3072 pectora,
706 2989 841 3066 brachia,
864 2990 972 3050 uultum
1059 3000 1110 3055 170

124 3071 310 3136 (lredideriut
330 3094 424 3153 genus
445 3095 513 3136 esse
537 3076 611 3145 cibi}
635 3075 703 3154 quid
725 3074 838 3135 diceret
862 3091 935 3152 ergo

124 3157 180 3218 Vel
206 3176 264 3238 quo
290 3177 348 3220 non
369 3159 502 3236 lugeret,
527 3161 552 3219 si
576 3176 651 3219 nuno
673 3157 746 3218 baec
768 3167 896 3218 monstra
921 3159 1044 3236 videret,

124 3241 322 3320 Pythagoras,
349 3245 461 3303 cunctis
485 3243 653 3304 animalibus
675 3242 811 3304 abstinuit
832 3243 880 3320 qui

123 3323 279 3405 Tamquam
303 3326 420 3386 homine
447 3335 477 3388 et
504 3328 598 3387 ventri
622 3326 738 3387 indulsit
759 3342 818 3386 non
844 3342 928 3385 omne
952 3324 1108 3401 legumen?

514 3451 713 3462 -u——n-
