<?xml version="1.0" encoding="UTF-8"?>
<!DOCTYPE html PUBLIC "-//W3C//DTD XHTML 1.0 Transitional//EN"
    "http://www.w3.org/TR/xhtml1/DTD/xhtml1-transitional.dtd">
<html xmlns="http://www.w3.org/1999/xhtml" xml:lang="en" lang="en">
 <head>
  <title>
</title>
<meta http-equiv="Content-Type" content="text/html;charset=utf-8" />
  <meta name='ocr-system' content='tesseract 3.04.00' />
  <meta name='ocr-capabilities' content='ocr_page ocr_carea ocr_par ocr_line ocrx_word'/>
</head>
<body>
  <div class='ocr_page' id='page_1' title='image "./satirarumlibriq01juvegoog_0010.png"; bbox 0 0 2582 3950; ppageno 0'>
   <div class='ocr_carea' id='block_1_1' title="bbox 492 262 1085 346">
    <p class='ocr_par' dir='ltr' id='par_1_1' title="bbox 492 262 1085 346">
     <span class='ocr_line' id='line_1_1' title="bbox 492 262 1085 346; baseline 0.007 -34"><span class='ocrx_word' id='word_1_1' title='bbox 492 262 701 346; x_wconf 68' lang='lat' dir='ltr'><strong>amberto.</strong></span> <span class='ocrx_word' id='word_1_2' title='bbox 1060 267 1085 316; x_wconf 77' lang='lat' dir='ltr'>V</span> 
     </span>
    </p>
   </div>
   <div class='ocr_carea' id='block_1_2' title="bbox 104 406 1182 483">
    <p class='ocr_par' dir='ltr' id='par_1_2' title="bbox 104 406 1182 483">
     <span class='ocr_line' id='line_1_2' title="bbox 104 406 1182 483; baseline 0.008 -20"><span class='ocrx_word' id='word_1_3' title='bbox 104 406 197 480; x_wconf 90' lang='lat' dir='ltr'><strong>positus</strong></span> <span class='ocrx_word' id='word_1_4' title='bbox 207 407 232 464; x_wconf 90' lang='lat' dir='ltr'><strong>in</strong></span> <span class='ocrx_word' id='word_1_5' title='bbox 241 409 310 464; x_wconf 88' lang='lat' dir='ltr'><strong>noris</strong></span> <span class='ocrx_word' id='word_1_6' title='bbox 321 407 420 464; x_wconf 87' lang='lat' dir='ltr'><strong>demum</strong></span> <span class='ocrx_word' id='word_1_7' title='bbox 428 409 538 481; x_wconf 91' lang='lat' dir='ltr'><strong>scriptis,</strong></span> <span class='ocrx_word' id='word_1_8' title='bbox 550 409 637 482; x_wconf 82' lang='lat' dir='ltr'><strong>quibus</strong></span> <span class='ocrx_word' id='word_1_9' title='bbox 647 423 690 466; x_wconf 88' lang='lat' dir='ltr'><strong>eos</strong></span> <span class='ocrx_word' id='word_1_10' title='bbox 702 417 774 482; x_wconf 89' lang='lat' dir='ltr'><strong>poeta</strong></span> <span class='ocrx_word' id='word_1_11' title='bbox 784 411 927 477; x_wconf 69' lang='lat' dir='ltr'><strong>intorsisset,</strong></span> <span class='ocrx_word' id='word_1_12' title='bbox 939 412 970 468; x_wconf 91' lang='lat' dir='ltr'><strong>ab</strong></span> <span class='ocrx_word' id='word_1_13' title='bbox 982 412 1084 483; x_wconf 85' lang='lat' dir='ltr'><strong>impera·</strong></span> <span class='ocrx_word' id='word_1_14' title='bbox 1181 466 1182 472; x_wconf 74' lang='grc'>,</span> 
     </span>
    </p>
   </div>
   <div class='ocr_carea' id='block_1_3' title="bbox 84 491 1084 2412">
    <p class='ocr_par' dir='ltr' id='par_1_3' title="bbox 84 491 1084 2412">
     <span class='ocr_line' id='line_1_3' title="bbox 103 491 1084 567; baseline 0.006 -21"><span class='ocrx_word' id='word_1_15' title='bbox 103 499 159 546; x_wconf 90' lang='lat' dir='ltr'><strong>tore</strong></span> <span class='ocrx_word' id='word_1_16' title='bbox 168 491 194 546; x_wconf 91' lang='lat' dir='ltr'><strong>iu</strong></span> <span class='ocrx_word' id='word_1_17' title='bbox 202 493 240 550; x_wconf 89' lang='lat' dir='ltr'><strong>sni</strong></span> <span class='ocrx_word' id='word_1_18' title='bbox 250 491 366 564; x_wconf 91' lang='lat' dir='ltr'><strong>temporis</strong></span> <span class='ocrx_word' id='word_1_19' title='bbox 377 492 525 552; x_wconf 88' lang='lat' dir='ltr'><strong>notationem</strong></span> <span class='ocrx_word' id='word_1_20' title='bbox 541 501 654 564; x_wconf 84' lang='lat' dir='ltr'><strong>acceptos</strong></span> <span class='ocrx_word' id='word_1_21' title='bbox 672 509 726 550; x_wconf 85' lang='lat' dir='ltr'><strong>ease</strong></span> <span class='ocrx_word' id='word_1_22' title='bbox 734 494 833 560; x_wconf 75' lang='lat' dir='ltr'><strong>solunt,</strong></span> <span class='ocrx_word' id='word_1_23' title='bbox 852 497 882 552; x_wconf 91' lang='lat' dir='ltr'><strong>de</strong></span> <span class='ocrx_word' id='word_1_24' title='bbox 892 495 993 553; x_wconf 79' lang='lat' dir='ltr'><strong>liniam</strong></span> <span class='ocrx_word' id='word_1_25' title='bbox 1004 496 1084 567; x_wconf 87' lang='lat' dir='ltr'><strong>potins</strong></span> 
     </span>
     <span class='ocr_line' id='line_1_4' title="bbox 105 576 1083 652; baseline 0.002 -20"><span class='ocrx_word' id='word_1_26' title='bbox 105 576 229 648; x_wconf 70' lang='lat' dir='ltr'><strong>cogitasse</strong></span> <span class='ocrx_word' id='word_1_27' title='bbox 243 576 368 642; x_wconf 87' lang='lat' dir='ltr'><strong>videntur,</strong></span> <span class='ocrx_word' id='word_1_28' title='bbox 386 591 458 650; x_wconf 67' lang='lat' dir='ltr'><strong>mem</strong></span> <span class='ocrx_word' id='word_1_29' title='bbox 475 579 589 652; x_wconf 75' lang='lat' dir='ltr'>Pyladem</span> <span class='ocrx_word' id='word_1_30' title='bbox 605 579 744 635; x_wconf 73' lang='lat' dir='ltr'><strong>saltatorem</strong></span> <span class='ocrx_word' id='word_1_31' title='bbox 761 579 786 634; x_wconf 90' lang='lat' dir='ltr'><strong>in</strong></span> <span class='ocrx_word' id='word_1_32' title='bbox 801 579 894 635; x_wconf 88' lang='lat' dir='ltr'><strong>deliciis</strong></span> <span class='ocrx_word' id='word_1_33' title='bbox 908 578 1020 636; x_wconf 88' lang='lat' dir='ltr'><strong>babuisse</strong></span> <span class='ocrx_word' id='word_1_34' title='bbox 1037 579 1083 635; x_wconf 85' lang='lat' dir='ltr'><strong>llio</strong></span> 
     </span>
     <span class='ocr_line' id='line_1_5' title="bbox 105 659 1084 734; baseline 0.004 -18"><span class='ocrx_word' id='word_1_35' title='bbox 105 659 172 716; x_wconf 77' lang='lat' dir='ltr'><strong>Cass.</strong></span> <span class='ocrx_word' id='word_1_36' title='bbox 183 659 289 716; x_wconf 78' lang='lat' dir='ltr'><strong>LXVIII.</strong></span> <span class='ocrx_word' id='word_1_37' title='bbox 300 666 336 720; x_wconf 83' lang='lat' dir='ltr'><strong>so</strong></span> <span class='ocrx_word' id='word_1_38' title='bbox 344 667 434 718; x_wconf 79' lang='lat' dir='ltr'><strong>murat.</strong></span> <span class='ocrx_word' id='word_1_39' title='bbox 466 662 555 719; x_wconf 86' lang='lat' dir='ltr'><strong>Verum</strong></span> <span class='ocrx_word' id='word_1_40' title='bbox 570 664 634 719; x_wconf 90' lang='lat' dir='ltr'><strong>enim</strong></span> <span class='ocrx_word' id='word_1_41' title='bbox 652 679 710 719; x_wconf 82' lang='lat' dir='ltr'><strong>reru</strong></span> <span class='ocrx_word' id='word_1_42' title='bbox 727 677 806 734; x_wconf 80' lang='lat' dir='ltr'><strong>neque</strong></span> <span class='ocrx_word' id='word_1_43' title='bbox 823 665 843 718; x_wconf 90' lang='lat' dir='ltr'><strong>is</strong></span> <span class='ocrx_word' id='word_1_44' title='bbox 854 664 1031 731; x_wconf 78' lang='lat' dir='ltr'><strong>Initllalanns,</strong></span> <span class='ocrx_word' id='word_1_45' title='bbox 1043 663 1084 734; x_wconf 85' lang='lat' dir='ltr'><strong>qni</strong></span> 
     </span>
     <span class='ocr_line' id='line_1_6' title="bbox 103 743 1084 819; baseline 0.003 -19"><span class='ocrx_word' id='word_1_46' title='bbox 103 743 226 800; x_wconf 59' lang='lat' dir='ltr'><strong>monis</strong></span> <span class='ocrx_word' id='word_1_47' title='bbox 243 745 319 802; x_wconf 88' lang='lat' dir='ltr'><strong>iarori</strong></span> <span class='ocrx_word' id='word_1_48' title='bbox 337 746 499 817; x_wconf 66' lang='lat' dir='ltr'><strong>praefectura</strong></span> <span class='ocrx_word' id='word_1_49' title='bbox 515 753 540 804; x_wconf 84' lang='lat' dir='ltr'><strong>et</strong></span> <span class='ocrx_word' id='word_1_50' title='bbox 556 747 693 804; x_wconf 87' lang='lat' dir='ltr'><strong>tribunatus</strong></span> <span class='ocrx_word' id='word_1_51' title='bbox 716 747 868 818; x_wconf 80' lang='lat' dir='ltr'><strong>indulgeret,</strong></span> <span class='ocrx_word' id='word_1_52' title='bbox 884 763 962 819; x_wconf 82' lang='lat' dir='ltr'><strong>neque</strong></span> <span class='ocrx_word' id='word_1_53' title='bbox 975 747 1021 803; x_wconf 89' lang='lat' dir='ltr'><strong>sub</strong></span> <span class='ocrx_word' id='word_1_54' title='bbox 1036 747 1084 802; x_wconf 84' lang='lat' dir='ltr'><strong>hoe</strong></span> 
     </span>
     <span class='ocr_line' id='line_1_7' title="bbox 103 828 1080 904; baseline 0.003 -21"><span class='ocrx_word' id='word_1_55' title='bbox 103 828 242 886; x_wconf 77' lang='lat' dir='ltr'><strong>Iuvenalem</strong></span> <span class='ocrx_word' id='word_1_56' title='bbox 252 829 341 886; x_wconf 80' lang='lat' dir='ltr'><strong>obtuse</strong></span> <span class='ocrx_word' id='word_1_57' title='bbox 353 836 446 886; x_wconf 76' lang='lat' dir='ltr'><strong>sermm</strong></span> <span class='ocrx_word' id='word_1_58' title='bbox 455 838 493 887; x_wconf 87' lang='lat' dir='ltr'><strong>eet</strong></span> <span class='ocrx_word' id='word_1_59' title='bbox 502 851 509 894; x_wconf 87' lang='lat'>;</span> <span class='ocrx_word' id='word_1_60' title='bbox 520 831 585 904; x_wconf 83' lang='lat' dir='ltr'><strong>quod</strong></span> <span class='ocrx_word' id='word_1_61' title='bbox 594 831 638 888; x_wconf 88' lang='lat' dir='ltr'><strong>nbi</strong></span> <span class='ocrx_word' id='word_1_62' title='bbox 647 831 722 887; x_wconf 84' lang='lat' dir='ltr'><strong>semel</strong></span> <span class='ocrx_word' id='word_1_63' title='bbox 733 831 766 886; x_wconf 89' lang='lat' dir='ltr'><strong>ab</strong></span> <span class='ocrx_word' id='word_1_64' title='bbox 770 831 881 886; x_wconf 85' lang='lat' dir='ltr'><strong>Hadriani</strong></span> <span class='ocrx_word' id='word_1_65' title='bbox 892 831 993 902; x_wconf 85' lang='lat' dir='ltr'><strong>imperio</strong></span> <span class='ocrx_word' id='word_1_66' title='bbox 1003 847 1080 886; x_wconf 79' lang='lat' dir='ltr'><strong>remu</strong></span> 
     </span>
     <span class='ocr_line' id='line_1_8' title="bbox 103 913 1083 986; baseline 0.003 -19"><span class='ocrx_word' id='word_1_67' title='bbox 103 913 154 968; x_wconf 83' lang='lat' dir='ltr'><strong>ueri</strong></span> <span class='ocrx_word' id='word_1_68' title='bbox 170 918 257 984; x_wconf 87' lang='lat' dir='ltr'><strong>poetae</strong></span> <span class='ocrx_word' id='word_1_69' title='bbox 272 913 373 970; x_wconf 77' lang='lat' dir='ltr'><strong>suillum</strong></span> <span class='ocrx_word' id='word_1_70' title='bbox 387 929 487 971; x_wconf 70' lang='lat' dir='ltr'><strong>nm</strong></span> <span class='ocrx_word' id='word_1_71' title='bbox 504 923 555 980; x_wconf 85' lang='lat' dir='ltr'><strong>ast,</strong></span> <span class='ocrx_word' id='word_1_72' title='bbox 572 915 631 971; x_wconf 86' lang='lat' dir='ltr'><strong>nibil</strong></span> <span class='ocrx_word' id='word_1_73' title='bbox 642 921 683 972; x_wconf 88' lang='lat' dir='ltr'><strong>aut</strong></span> <span class='ocrx_word' id='word_1_74' title='bbox 693 915 825 986; x_wconf 77' lang='lat' dir='ltr'><strong>simplicius</strong></span> <span class='ocrx_word' id='word_1_75' title='bbox 837 921 880 971; x_wconf 90' lang='lat' dir='ltr'><strong>aut</strong></span> <span class='ocrx_word' id='word_1_76' title='bbox 895 915 971 971; x_wconf 87' lang='lat' dir='ltr'><strong>tutius</strong></span> <span class='ocrx_word' id='word_1_77' title='bbox 981 915 1083 981; x_wconf 80' lang='lat' dir='ltr'><strong>ddctm,</strong></span> 
     </span>
     <span class='ocr_line' id='line_1_9' title="bbox 90 996 1084 1088; baseline 0.001 -36"><span class='ocrx_word' id='word_1_78' title='bbox 90 1047 93 1088; x_wconf 41' lang='grc' dir='ltr'><strong><em>ἰ</em></strong></span> <span class='ocrx_word' id='word_1_79' title='bbox 103 1003 213 1069; x_wconf 89' lang='lat' dir='ltr'><strong>quarunt</strong></span> <span class='ocrx_word' id='word_1_80' title='bbox 223 996 341 1067; x_wconf 88' lang='lat' dir='ltr'><strong>plurimos</strong></span> <span class='ocrx_word' id='word_1_81' title='bbox 352 1004 463 1056; x_wconf 68' lang='lat' dir='ltr'><strong>ancones</strong></span> <span class='ocrx_word' id='word_1_82' title='bbox 474 999 552 1055; x_wconf 86' lang='lat' dir='ltr'><strong>secati</strong></span> <span class='ocrx_word' id='word_1_83' title='bbox 562 999 592 1055; x_wconf 91' lang='lat' dir='ltr'><strong>ad</strong></span> <span class='ocrx_word' id='word_1_84' title='bbox 603 997 767 1056; x_wconf 82' lang='lat' dir='ltr'><strong>Domitianum</strong></span> <span class='ocrx_word' id='word_1_85' title='bbox 776 999 910 1065; x_wconf 65' lang='lat' dir='ltr'><strong>rmmmns,</strong></span> <span class='ocrx_word' id='word_1_86' title='bbox 921 1013 994 1072; x_wconf 82' lang='lat' dir='ltr'><strong>quem</strong></span> <span class='ocrx_word' id='word_1_87' title='bbox 1004 1005 1029 1054; x_wconf 89' lang='lat' dir='ltr'><strong>et</strong></span> <span class='ocrx_word' id='word_1_88' title='bbox 1038 998 1084 1054; x_wconf 84' lang='lat' dir='ltr'><strong>Pa·</strong></span> 
     </span>
     <span class='ocr_line' id='line_1_10' title="bbox 90 1081 1084 1156; baseline -0.001 -17"><span class='ocrx_word' id='word_1_89' title='bbox 90 1081 181 1140; x_wconf 73' lang='lat' dir='ltr'><strong>iridem</strong></span> <span class='ocrx_word' id='word_1_90' title='bbox 196 1081 281 1137; x_wconf 88' lang='lat' dir='ltr'><strong>ulcisci</strong></span> <span class='ocrx_word' id='word_1_91' title='bbox 297 1082 404 1138; x_wconf 77' lang='lat' dir='ltr'><strong>maxime</strong></span> <span class='ocrx_word' id='word_1_92' title='bbox 419 1089 607 1149; x_wconf 80' lang='lat' dir='ltr'><strong>commtanmm</strong></span> <span class='ocrx_word' id='word_1_93' title='bbox 625 1089 677 1138; x_wconf 82' lang='lat' dir='ltr'><strong>crat</strong></span> <span class='ocrx_word' id='word_1_94' title='bbox 687 1090 712 1137; x_wconf 89' lang='lat' dir='ltr'><strong>et</strong></span> <span class='ocrx_word' id='word_1_95' title='bbox 728 1083 787 1138; x_wconf 87' lang='lat' dir='ltr'><strong>illud</strong></span> <span class='ocrx_word' id='word_1_96' title='bbox 796 1083 896 1139; x_wconf 87' lang='lat' dir='ltr'><strong>ultionis</strong></span> <span class='ocrx_word' id='word_1_97' title='bbox 905 1097 998 1156; x_wconf 77' lang='lat' dir='ltr'><strong>genas,</strong></span> <span class='ocrx_word' id='word_1_98' title='bbox 1019 1083 1084 1154; x_wconf 81' lang='lat' dir='ltr'><strong>pund</strong></span> 
     </span>
     <span class='ocr_line' id='line_1_11' title="bbox 87 1141 1084 1240; baseline 0.002 -20"><span class='ocrx_word' id='word_1_99' title='bbox 87 1141 93 1236; x_wconf 67' lang='lat' dir='ltr'><strong>l</strong></span> <span class='ocrx_word' id='word_1_100' title='bbox 103 1171 175 1235; x_wconf 87' lang='lat' dir='ltr'><strong>poeta</strong></span> <span class='ocrx_word' id='word_1_101' title='bbox 187 1172 302 1234; x_wconf 79' lang='lat' dir='ltr'><strong>esportm</strong></span> <span class='ocrx_word' id='word_1_102' title='bbox 310 1173 355 1230; x_wconf 87' lang='lat' dir='ltr'><strong>est,</strong></span> <span class='ocrx_word' id='word_1_103' title='bbox 366 1167 444 1223; x_wconf 78' lang='lat' dir='ltr'><strong>mdto</strong></span> <span class='ocrx_word' id='word_1_104' title='bbox 454 1166 535 1239; x_wconf 75' lang='lat' dir='ltr'><strong>magis</strong></span> <span class='ocrx_word' id='word_1_105' title='bbox 545 1181 619 1240; x_wconf 75' lang='lat' dir='ltr'><strong>qumi</strong></span> <span class='ocrx_word' id='word_1_106' title='bbox 630 1166 757 1222; x_wconf 67' lang='lat' dir='ltr'><strong>Manum</strong></span> <span class='ocrx_word' id='word_1_107' title='bbox 766 1167 860 1230; x_wconf 62' lang='lat' dir='ltr'><strong>murt:</strong></span> <span class='ocrx_word' id='word_1_108' title='bbox 872 1167 947 1224; x_wconf 83' lang='lat' dir='ltr'><strong>immo</strong></span> <span class='ocrx_word' id='word_1_109' title='bbox 956 1165 1021 1222; x_wconf 88' lang='lat' dir='ltr'><strong>baad</strong></span> <span class='ocrx_word' id='word_1_110' title='bbox 1032 1166 1084 1222; x_wconf 88' lang='lat' dir='ltr'><strong>solo</strong></span> 
     </span>
     <span class='ocr_line' id='line_1_12' title="bbox 84 1237 1084 1323; baseline 0.001 -19"><span class='ocrx_word' id='word_1_111' title='bbox 84 1237 90 1317; x_wconf 64' lang='lat' dir='ltr'><strong>,I</strong></span> <span class='ocrx_word' id='word_1_112' title='bbox 104 1264 135 1305; x_wconf 87' lang='lat' dir='ltr'><strong>an</strong></span> <span class='ocrx_word' id='word_1_113' title='bbox 145 1248 199 1320; x_wconf 87' lang='lat' dir='ltr'><strong>ipsc</strong></span> <span class='ocrx_word' id='word_1_114' title='bbox 208 1247 323 1305; x_wconf 77' lang='lat' dir='ltr'><strong>Ira&#39;anm</strong></span> <span class='ocrx_word' id='word_1_115' title='bbox 338 1251 417 1321; x_wconf 84' lang='lat' dir='ltr'><strong>prium</strong></span> <span class='ocrx_word' id='word_1_116' title='bbox 427 1264 472 1322; x_wconf 89' lang='lat' dir='ltr'><strong>per</strong></span> <span class='ocrx_word' id='word_1_117' title='bbox 487 1265 594 1306; x_wconf 78' lang='lat' dir='ltr'><strong>ersusm</strong></span> <span class='ocrx_word' id='word_1_118' title='bbox 609 1251 635 1306; x_wconf 94' lang='lat' dir='ltr'><strong>in</strong></span> <span class='ocrx_word' id='word_1_119' title='bbox 650 1250 802 1308; x_wconf 81' lang='lat' dir='ltr'><strong>librariorum</strong></span> <span class='ocrx_word' id='word_1_120' title='bbox 818 1267 904 1308; x_wconf 77' lang='lat' dir='ltr'><strong>mauris</strong></span> <span class='ocrx_word' id='word_1_121' title='bbox 919 1250 1025 1315; x_wconf 74' lang='lat' dir='ltr'><strong>mnerit,</strong></span> <span class='ocrx_word' id='word_1_122' title='bbox 1043 1250 1084 1323; x_wconf 87' lang='lat' dir='ltr'><strong>qni</strong></span> 
     </span>
     <span class='ocr_line' id='line_1_13' title="bbox 104 1331 1084 1408; baseline 0.001 -19"><span class='ocrx_word' id='word_1_123' title='bbox 104 1331 409 1405; x_wconf 61' lang='lat' dir='ltr'><strong>rpuasppelstioueu,</strong></span> <span class='ocrx_word' id='word_1_124' title='bbox 422 1341 763 1408; x_wconf 71' lang='lat' dir='ltr'><strong>prnmuaeorumnsnsest,</strong></span> <span class='ocrx_word' id='word_1_125' title='bbox 776 1334 937 1392; x_wconf 71' lang='lat' dir='ltr'><strong>illumilium</strong></span> <span class='ocrx_word' id='word_1_126' title='bbox 948 1335 1084 1391; x_wconf 76' lang='lat' dir='ltr'><strong>adllaiaui</strong></span> 
     </span>
     <span class='ocr_line' id='line_1_14' title="bbox 106 1415 1082 1493; baseline 0.003 -21"><span class='ocrx_word' id='word_1_127' title='bbox 106 1428 193 1472; x_wconf 89' lang='lat' dir='ltr'><strong>nomon</strong></span> <span class='ocrx_word' id='word_1_128' title='bbox 203 1415 383 1488; x_wconf 55' lang='lat' dir='ltr'><strong>&amp;umectat</strong></span> <span class='ocrx_word' id='word_1_129' title='bbox 410 1418 483 1491; x_wconf 74' lang='lat' dir='ltr'><strong>lipari</strong></span> <span class='ocrx_word' id='word_1_130' title='bbox 493 1418 644 1475; x_wconf 71' lang='lat' dir='ltr'><strong>[tamisim</strong></span> <span class='ocrx_word' id='word_1_131' title='bbox 657 1419 826 1475; x_wconf 88' lang='lat' dir='ltr'><strong>silurenalem</strong></span> <span class='ocrx_word' id='word_1_132' title='bbox 840 1433 944 1493; x_wconf 79' lang='lat' dir='ltr'><strong>peregre</strong></span> <span class='ocrx_word' id='word_1_133' title='bbox 952 1418 1082 1491; x_wconf 35' lang='lat' dir='ltr'><strong>*cabbegem</strong></span> 
     </span>
     <span class='ocr_line' id='line_1_15' title="bbox 106 1501 1084 1576; baseline 0.002 -20"><span class='ocrx_word' id='word_1_134' title='bbox 106 1501 168 1556; x_wconf 90' lang='lat' dir='ltr'><strong>ultro</strong></span> <span class='ocrx_word' id='word_1_135' title='bbox 179 1501 301 1572; x_wconf 74' lang='lat' dir='ltr'><strong>sequitu,</strong></span> <span class='ocrx_word' id='word_1_136' title='bbox 318 1509 346 1557; x_wconf 87' lang='lat' dir='ltr'><strong>ut</strong></span> <span class='ocrx_word' id='word_1_137' title='bbox 357 1501 470 1558; x_wconf 83' lang='lat' dir='ltr'><strong>mnribie</strong></span> <span class='ocrx_word' id='word_1_138' title='bbox 485 1503 593 1559; x_wconf 76' lang='lat' dir='ltr'><strong>mesilio</strong></span> <span class='ocrx_word' id='word_1_139' title='bbox 610 1504 789 1574; x_wconf 70' lang='lat' dir='ltr'><strong>unipotens,</strong></span> <span class='ocrx_word' id='word_1_140' title='bbox 808 1504 897 1576; x_wconf 83' lang='lat' dir='ltr'><strong>‹prippe</strong></span> <span class='ocrx_word' id='word_1_141' title='bbox 909 1503 1084 1574; x_wconf 79' lang='lat' dir='ltr'><strong>etposterIorls</strong></span> 
     </span>
     <span class='ocr_line' id='line_1_16' title="bbox 105 1585 1084 1660; baseline 0.001 -20"><span class='ocrx_word' id='word_1_142' title='bbox 105 1585 189 1640; x_wconf 66' lang='lat' dir='ltr'><strong>aetam</strong></span> <span class='ocrx_word' id='word_1_143' title='bbox 198 1599 237 1640; x_wconf 91' lang='lat' dir='ltr'><strong>ros</strong></span> <span class='ocrx_word' id='word_1_144' title='bbox 247 1591 370 1657; x_wconf 76' lang='lat' dir='ltr'><strong>umquam</strong></span> <span class='ocrx_word' id='word_1_145' title='bbox 384 1586 666 1643; x_wconf 65' lang='lat' dir='ltr'><strong>ounhautemisuefert</strong></span> <span class='ocrx_word' id='word_1_146' title='bbox 681 1594 706 1642; x_wconf 87' lang='lat' dir='ltr'><strong>et</strong></span> <span class='ocrx_word' id='word_1_147' title='bbox 716 1587 780 1658; x_wconf 91' lang='lat' dir='ltr'><strong>ipsas</strong></span> <span class='ocrx_word' id='word_1_148' title='bbox 789 1587 887 1655; x_wconf 87' lang='lat' dir='ltr'><strong>satiras,</strong></span> <span class='ocrx_word' id='word_1_149' title='bbox 904 1601 1006 1660; x_wconf 71' lang='lat' dir='ltr'><strong>marum</strong></span> <span class='ocrx_word' id='word_1_150' title='bbox 1016 1601 1084 1642; x_wconf 90' lang='lat' dir='ltr'><strong>cnm·</strong></span> 
     </span>
     <span class='ocr_line' id='line_1_17' title="bbox 104 1667 1082 1742; baseline 0.001 -18"><span class='ocrx_word' id='word_1_151' title='bbox 104 1668 186 1740; x_wconf 83' lang='lat' dir='ltr'><strong>plures</strong></span> <span class='ocrx_word' id='word_1_152' title='bbox 195 1681 292 1724; x_wconf 72' lang='lat' dir='ltr'><strong>menam</strong></span> <span class='ocrx_word' id='word_1_153' title='bbox 301 1667 394 1725; x_wconf 82' lang='lat' dir='ltr'><strong>Romae</strong></span> <span class='ocrx_word' id='word_1_154' title='bbox 408 1669 511 1737; x_wconf 80' lang='lat' dir='ltr'><strong>babent,</strong></span> <span class='ocrx_word' id='word_1_155' title='bbox 529 1676 586 1742; x_wconf 86' lang='lat' dir='ltr'><strong>pust</strong></span> <span class='ocrx_word' id='word_1_156' title='bbox 595 1669 725 1726; x_wconf 82' lang='lat' dir='ltr'><strong>Domitiani</strong></span> <span class='ocrx_word' id='word_1_157' title='bbox 741 1671 839 1727; x_wconf 87' lang='lat' dir='ltr'><strong>demum</strong></span> <span class='ocrx_word' id='word_1_158' title='bbox 853 1678 958 1727; x_wconf 88' lang='lat' dir='ltr'><strong>mortem</strong></span> <span class='ocrx_word' id='word_1_159' title='bbox 972 1671 1082 1741; x_wconf 70' lang='lat' dir='ltr'><strong>scripsit:</strong></span> 
     </span>
     <span class='ocr_line' id='line_1_18' title="bbox 104 1753 1083 1826; baseline 0.002 -18"><span class='ocrx_word' id='word_1_160' title='bbox 104 1760 227 1823; x_wconf 83' lang='lat' dir='ltr'><strong>postremo</strong></span> <span class='ocrx_word' id='word_1_161' title='bbox 239 1753 378 1826; x_wconf 81' lang='lat' dir='ltr'><strong>plerosque,</strong></span> <span class='ocrx_word' id='word_1_162' title='bbox 391 1769 453 1826; x_wconf 86' lang='lat' dir='ltr'><strong>quus</strong></span> <span class='ocrx_word' id='word_1_163' title='bbox 462 1753 614 1810; x_wconf 78' lang='lat' dir='ltr'><strong>Domitianus</strong></span> <span class='ocrx_word' id='word_1_164' title='bbox 623 1755 711 1810; x_wconf 86' lang='lat' dir='ltr'><strong>Iniuste</strong></span> <span class='ocrx_word' id='word_1_165' title='bbox 721 1756 838 1821; x_wconf 65' lang='lat' dir='ltr'><strong>omnimo,</strong></span> <span class='ocrx_word' id='word_1_166' title='bbox 852 1756 934 1812; x_wconf 76' lang='lat' dir='ltr'><strong>neuim</strong></span> <span class='ocrx_word' id='word_1_167' title='bbox 944 1755 995 1820; x_wconf 93' lang='lat' dir='ltr'><strong>illo,</strong></span> <span class='ocrx_word' id='word_1_168' title='bbox 1007 1769 1083 1826; x_wconf 62' lang='lat' dir='ltr'><strong>pum</strong></span> 
     </span>
     <span class='ocr_line' id='line_1_19' title="bbox 105 1837 1083 1909; baseline 0.001 -17"><span class='ocrx_word' id='word_1_169' title='bbox 105 1837 185 1893; x_wconf 89' lang='lat' dir='ltr'><strong>omnia</strong></span> <span class='ocrx_word' id='word_1_170' title='bbox 195 1843 381 1908; x_wconf 74' lang='lat' dir='ltr'><strong>quassares</strong></span> <span class='ocrx_word' id='word_1_171' title='bbox 392 1839 417 1894; x_wconf 91' lang='lat' dir='ltr'><strong>in</strong></span> <span class='ocrx_word' id='word_1_172' title='bbox 426 1839 520 1896; x_wconf 80' lang='lat' dir='ltr'><strong>irriaun</strong></span> <span class='ocrx_word' id='word_1_173' title='bbox 530 1839 680 1905; x_wconf 75' lang='lat' dir='ltr'><strong>ducerentur,</strong></span> <span class='ocrx_word' id='word_1_174' title='bbox 692 1838 723 1894; x_wconf 89' lang='lat' dir='ltr'><strong>de</strong></span> <span class='ocrx_word' id='word_1_175' title='bbox 733 1840 805 1895; x_wconf 78' lang='lat' dir='ltr'><strong>exibo</strong></span> <span class='ocrx_word' id='word_1_176' title='bbox 816 1839 915 1896; x_wconf 65' lang='lat' dir='ltr'><strong>rediim</strong></span> <span class='ocrx_word' id='word_1_177' title='bbox 924 1839 1083 1909; x_wconf 78' lang='lat' dir='ltr'><strong>Hieronymus</strong></span> 
     </span>
     <span class='ocr_line' id='line_1_20' title="bbox 105 1919 1083 1994; baseline 0 -18"><span class='ocrx_word' id='word_1_178' title='bbox 105 1921 134 1976; x_wconf 83' lang='lat' dir='ltr'><strong>sd</strong></span> <span class='ocrx_word' id='word_1_179' title='bbox 144 1919 234 1976; x_wconf 49' lang='lat' dir='ltr'><strong>Eusebi</strong></span> <span class='ocrx_word' id='word_1_180' title='bbox 243 1919 334 1977; x_wconf 76' lang='lat' dir='ltr'><strong>Chron-</strong></span> <span class='ocrx_word' id='word_1_181' title='bbox 342 1919 381 1980; x_wconf 85' lang='lat' dir='ltr'><strong>ot</strong></span> <span class='ocrx_word' id='word_1_182' title='bbox 392 1925 569 1986; x_wconf 64' lang='grc' dir='ltr'><strong>219ιοείιίιιη</strong></span> <span class='ocrx_word' id='word_1_183' title='bbox 580 1921 667 1994; x_wconf 79' lang='lat' dir='ltr'><strong>quidam</strong></span> <span class='ocrx_word' id='word_1_184' title='bbox 677 1922 722 1978; x_wconf 82' lang='lat' dir='ltr'><strong>etsi</strong></span> <span class='ocrx_word' id='word_1_185' title='bbox 732 1939 796 1978; x_wconf 86' lang='lat' dir='ltr'><strong>unns</strong></span> <span class='ocrx_word' id='word_1_186' title='bbox 809 1922 938 1978; x_wconf 73' lang='lat' dir='ltr'><strong>scholiasta</strong></span> <span class='ocrx_word' id='word_1_187' title='bbox 947 1921 1083 1978; x_wconf 79' lang='lat' dir='ltr'><strong>Iuvenalem</strong></span> 
     </span>
     <span class='ocr_line' id='line_1_21' title="bbox 104 2003 1083 2069; baseline -0.001 -10"><span class='ocrx_word' id='word_1_188' title='bbox 104 2005 193 2060; x_wconf 84' lang='lat' dir='ltr'><strong>dIserte</strong></span> <span class='ocrx_word' id='word_1_189' title='bbox 203 2005 295 2069; x_wconf 76' lang='lat' dir='ltr'><strong>eximit,</strong></span> <span class='ocrx_word' id='word_1_190' title='bbox 305 2006 366 2060; x_wconf 89' lang='lat' dir='ltr'><strong>alins</strong></span> <span class='ocrx_word' id='word_1_191' title='bbox 376 2021 426 2061; x_wconf 91' lang='lat' dir='ltr'><strong>nou</strong></span> <span class='ocrx_word' id='word_1_192' title='bbox 434 2007 517 2062; x_wconf 84' lang='lat' dir='ltr'><strong>miras</strong></span> <span class='ocrx_word' id='word_1_193' title='bbox 525 2007 589 2060; x_wconf 88' lang='lat' dir='ltr'><strong>olare</strong></span> <span class='ocrx_word' id='word_1_194' title='bbox 597 2004 701 2060; x_wconf 87' lang='lat' dir='ltr'><strong>eundern</strong></span> <span class='ocrx_word' id='word_1_195' title='bbox 706 2003 810 2060; x_wconf 85' lang='lat' dir='ltr'><strong>Itomam</strong></span> <span class='ocrx_word' id='word_1_196' title='bbox 820 2019 942 2061; x_wconf 78' lang='lat' dir='ltr'><strong>mrermm</strong></span> <span class='ocrx_word' id='word_1_197' title='bbox 950 2003 1083 2062; x_wconf 84' lang='lat' dir='ltr'><strong>llmtialem</strong></span> 
     </span>
     <span class='ocr_line' id='line_1_22' title="bbox 103 2086 1084 2161; baseline -0.004 -17"><span class='ocrx_word' id='word_1_198' title='bbox 103 2103 175 2144; x_wconf 83' lang='lat' dir='ltr'><strong>mum</strong></span> <span class='ocrx_word' id='word_1_199' title='bbox 186 2088 333 2144; x_wconf 82' lang='lat' dir='ltr'><strong>desiderasse</strong></span> <span class='ocrx_word' id='word_1_200' title='bbox 347 2096 440 2155; x_wconf 79' lang='lat' dir='ltr'><strong>nausa,</strong></span> <span class='ocrx_word' id='word_1_201' title='bbox 463 2090 503 2160; x_wconf 79' lang='lat' dir='ltr'><strong>qui</strong></span> <span class='ocrx_word' id='word_1_202' title='bbox 519 2095 647 2160; x_wconf 76' lang='lat' dir='ltr'><strong>postquam</strong></span> <span class='ocrx_word' id='word_1_203' title='bbox 661 2087 707 2143; x_wconf 89' lang='lat' dir='ltr'><strong>snb</strong></span> <span class='ocrx_word' id='word_1_204' title='bbox 723 2087 816 2144; x_wconf 83' lang='lat' dir='ltr'><strong>Neruae</strong></span> <span class='ocrx_word' id='word_1_205' title='bbox 832 2087 962 2161; x_wconf 75' lang='lat' dir='ltr'><strong>primordii</strong></span> <span class='ocrx_word' id='word_1_206' title='bbox 977 2086 1084 2143; x_wconf 83' lang='lat' dir='ltr'><strong>Bilbilim</strong></span> 
     </span>
     <span class='ocr_line' id='line_1_23' title="bbox 103 2170 1084 2246; baseline 0 -20"><span class='ocrx_word' id='word_1_207' title='bbox 103 2171 205 2243; x_wconf 81' lang='lat' dir='ltr'><strong>patalam</strong></span> <span class='ocrx_word' id='word_1_208' title='bbox 220 2171 330 2241; x_wconf 84' lang='lat' dir='ltr'><strong>repetiit,</strong></span> <span class='ocrx_word' id='word_1_209' title='bbox 352 2171 409 2227; x_wconf 90' lang='lat' dir='ltr'><strong>inde</strong></span> <span class='ocrx_word' id='word_1_210' title='bbox 424 2171 509 2244; x_wconf 72' lang='lat' dir='ltr'><strong>Epigr.</strong></span> <span class='ocrx_word' id='word_1_211' title='bbox 523 2171 577 2230; x_wconf 85' lang='lat' dir='ltr'><strong>llll.</strong></span> <span class='ocrx_word' id='word_1_212' title='bbox 596 2171 782 2228; x_wconf 72' lang='lat' dir='ltr'><strong>autumnalem</strong></span> <span class='ocrx_word' id='word_1_213' title='bbox 797 2179 919 2246; x_wconf 81' lang='lat' dir='ltr'><strong>tamrpsarn</strong></span> <span class='ocrx_word' id='word_1_214' title='bbox 935 2171 1038 2229; x_wconf 66' lang='lat' dir='ltr'><strong>msa</strong></span> <span class='ocrx_word' id='word_1_215' title='bbox 1056 2170 1084 2226; x_wconf 81' lang='lat' dir='ltr'><strong>in</strong></span> 
     </span>
     <span class='ocr_line' id='line_1_24' title="bbox 103 2253 1084 2328; baseline -0.002 -16"><span class='ocrx_word' id='word_1_216' title='bbox 103 2253 200 2312; x_wconf 61' lang='lat' dir='ltr'><strong>&amp;aas</strong></span> <span class='ocrx_word' id='word_1_217' title='bbox 213 2261 332 2311; x_wconf 66' lang='lat' dir='ltr'><strong>eruam</strong></span> <span class='ocrx_word' id='word_1_218' title='bbox 340 2256 463 2323; x_wconf 84' lang='lat' dir='ltr'><strong>salutarit,</strong></span> <span class='ocrx_word' id='word_1_219' title='bbox 478 2271 583 2328; x_wconf 82' lang='lat' dir='ltr'><strong>moxque</strong></span> <span class='ocrx_word' id='word_1_220' title='bbox 593 2257 656 2312; x_wconf 87' lang='lat' dir='ltr'><strong>iutra</strong></span> <span class='ocrx_word' id='word_1_221' title='bbox 664 2257 757 2326; x_wconf 86' lang='lat' dir='ltr'><strong>primos</strong></span> <span class='ocrx_word' id='word_1_222' title='bbox 766 2256 860 2314; x_wconf 78' lang='lat' dir='ltr'><strong>Traiani</strong></span> <span class='ocrx_word' id='word_1_223' title='bbox 874 2271 950 2312; x_wconf 87' lang='lat' dir='ltr'><strong>annos</strong></span> <span class='ocrx_word' id='word_1_224' title='bbox 959 2255 1049 2312; x_wconf 86' lang='lat' dir='ltr'><strong>ibidem</strong></span> <span class='ocrx_word' id='word_1_225' title='bbox 1059 2255 1084 2310; x_wconf 94' lang='lat' dir='ltr'><strong>in</strong></span> 
     </span>
     <span class='ocr_line' id='line_1_25' title="bbox 104 2336 1082 2412; baseline 0 -17"><span class='ocrx_word' id='word_1_226' title='bbox 104 2339 217 2410; x_wconf 85' lang='lat' dir='ltr'><strong>Hispania</strong></span> <span class='ocrx_word' id='word_1_227' title='bbox 224 2338 341 2405; x_wconf 79' lang='lat' dir='ltr'><strong>decessit3</strong></span> <span class='ocrx_word' id='word_1_228' title='bbox 352 2339 538 2411; x_wconf 70' lang='lat' dir='ltr'><strong>stuppam.</strong></span> <span class='ocrx_word' id='word_1_229' title='bbox 548 2339 672 2412; x_wconf 76' lang='lat' dir='ltr'><strong>IIpIstIII.</strong></span> <span class='ocrx_word' id='word_1_230' title='bbox 682 2345 732 2404; x_wconf 72' lang='lat' dir='ltr'><strong>tl:</strong></span> <span class='ocrx_word' id='word_1_231' title='bbox 743 2339 816 2396; x_wconf 86' lang='lat' dir='ltr'><strong>huius</strong></span> <span class='ocrx_word' id='word_1_232' title='bbox 825 2341 901 2412; x_wconf 83' lang='lat' dir='ltr'><strong>igitur</strong></span> <span class='ocrx_word' id='word_1_233' title='bbox 910 2336 1082 2404; x_wconf 60' lang='lat' dir='ltr'><strong>minucium,</strong></span> 
     </span>
    </p>
   </div>
   <div class='ocr_carea' id='block_1_4' title="bbox 105 2421 1171 2495">
    <p class='ocr_par' dir='ltr' id='par_1_4' title="bbox 105 2421 1171 2495">
     <span class='ocr_line' id='line_1_26' title="bbox 105 2421 1171 2495; baseline -0.004 -16"><span class='ocrx_word' id='word_1_234' title='bbox 105 2423 168 2495; x_wconf 81' lang='lat' dir='ltr'><strong>qnod</strong></span> <span class='ocrx_word' id='word_1_235' title='bbox 178 2421 292 2480; x_wconf 85' lang='lat' dir='ltr'><strong>llartialis</strong></span> <span class='ocrx_word' id='word_1_236' title='bbox 300 2424 430 2480; x_wconf 78' lang='lat' dir='ltr'><strong>auctoriam</strong></span> <span class='ocrx_word' id='word_1_237' title='bbox 442 2424 575 2490; x_wconf 76' lang='lat' dir='ltr'><strong>mudsmat</strong></span> <span class='ocrx_word' id='word_1_238' title='bbox 587 2422 690 2494; x_wconf 82' lang='lat' dir='ltr'><strong>amplexi</strong></span> <span class='ocrx_word' id='word_1_239' title='bbox 700 2423 730 2478; x_wconf 90' lang='lat' dir='ltr'><strong>ab</strong></span> <span class='ocrx_word' id='word_1_240' title='bbox 741 2424 816 2479; x_wconf 85' lang='lat' dir='ltr'><strong>altero</strong></span> <span class='ocrx_word' id='word_1_241' title='bbox 827 2424 887 2480; x_wconf 90' lang='lat' dir='ltr'><strong>illud</strong></span> <span class='ocrx_word' id='word_1_242' title='bbox 899 2423 972 2478; x_wconf 89' lang='lat' dir='ltr'><strong>modo</strong></span> <span class='ocrx_word' id='word_1_243' title='bbox 981 2421 1084 2492; x_wconf 85' lang='lat' dir='ltr'><strong>aecipie-</strong></span> <span class='ocrx_word' id='word_1_244' title='bbox 1167 2488 1171 2494; x_wconf 92' lang='lat'>.</span> 
     </span>
    </p>
   </div>
   <div class='ocr_carea' id='block_1_5' title="bbox 105 2504 1090 3668">
    <p class='ocr_par' dir='ltr' id='par_1_5' title="bbox 105 2504 1084 2831">
     <span class='ocr_line' id='line_1_27' title="bbox 105 2504 1083 2580; baseline -0.003 -17"><span class='ocrx_word' id='word_1_245' title='bbox 105 2523 170 2572; x_wconf 90' lang='lat' dir='ltr'><strong>mus,</strong></span> <span class='ocrx_word' id='word_1_246' title='bbox 188 2507 214 2562; x_wconf 89' lang='lat' dir='ltr'><strong>in</strong></span> <span class='ocrx_word' id='word_1_247' title='bbox 231 2523 280 2578; x_wconf 81' lang='lat' dir='ltr'><strong>quo</strong></span> <span class='ocrx_word' id='word_1_248' title='bbox 294 2513 397 2580; x_wconf 81' lang='lat' dir='ltr'><strong>uterque</strong></span> <span class='ocrx_word' id='word_1_249' title='bbox 412 2508 546 2575; x_wconf 84' lang='lat' dir='ltr'><strong>consentit,</strong></span> <span class='ocrx_word' id='word_1_250' title='bbox 567 2506 854 2580; x_wconf 78' lang='lat' dir='ltr'><strong>antesaauspriscipea,</strong></span> <span class='ocrx_word' id='word_1_251' title='bbox 871 2505 919 2562; x_wconf 90' lang='lat' dir='ltr'><strong>boc</strong></span> <span class='ocrx_word' id='word_1_252' title='bbox 934 2504 1083 2562; x_wconf 72' lang='lat' dir='ltr'><strong>erramus</strong></span> 
     </span>
     <span class='ocr_line' id='line_1_28' title="bbox 106 2587 1082 2664; baseline -0.002 -18"><span class='ocrx_word' id='word_1_253' title='bbox 106 2600 129 2646; x_wconf 88' lang='lat' dir='ltr'><strong>et</strong></span> <span class='ocrx_word' id='word_1_254' title='bbox 143 2591 284 2656; x_wconf 85' lang='lat' dir='ltr'><strong>Traianum,</strong></span> <span class='ocrx_word' id='word_1_255' title='bbox 295 2597 393 2662; x_wconf 84' lang='lat' dir='ltr'><strong>poetam</strong></span> <span class='ocrx_word' id='word_1_256' title='bbox 402 2593 538 2664; x_wconf 79' lang='lat' dir='ltr'><strong>relegatum</strong></span> <span class='ocrx_word' id='word_1_257' title='bbox 549 2605 616 2654; x_wconf 66' lang='lat' dir='ltr'><strong>essee</strong></span> <span class='ocrx_word' id='word_1_258' title='bbox 626 2591 712 2647; x_wconf 80' lang='lat' dir='ltr'><strong>mort&#39;u</strong></span> <span class='ocrx_word' id='word_1_259' title='bbox 722 2597 833 2662; x_wconf 90' lang='lat' dir='ltr'><strong>tempus,</strong></span> <span class='ocrx_word' id='word_1_260' title='bbox 845 2605 917 2662; x_wconf 85' lang='lat' dir='ltr'><strong>qrram</strong></span> <span class='ocrx_word' id='word_1_261' title='bbox 928 2590 1003 2646; x_wconf 82' lang='lat' dir='ltr'><strong>redux</strong></span> <span class='ocrx_word' id='word_1_262' title='bbox 1015 2587 1082 2652; x_wconf 76' lang='lat' dir='ltr'><strong>obit,</strong></span> 
     </span>
     <span class='ocr_line' id='line_1_29' title="bbox 105 2672 1084 2747; baseline -0.004 -16"><span class='ocrx_word' id='word_1_263' title='bbox 105 2689 179 2746; x_wconf 82' lang='lat' dir='ltr'><strong>qurum</strong></span> <span class='ocrx_word' id='word_1_264' title='bbox 188 2673 235 2730; x_wconf 89' lang='lat' dir='ltr'><strong>sub</strong></span> <span class='ocrx_word' id='word_1_265' title='bbox 245 2674 346 2731; x_wconf 81' lang='lat' dir='ltr'><strong>llaiario</strong></span> <span class='ocrx_word' id='word_1_266' title='bbox 362 2675 420 2746; x_wconf 91' lang='lat' dir='ltr'><strong>poni</strong></span> <span class='ocrx_word' id='word_1_267' title='bbox 429 2682 545 2747; x_wconf 83' lang='lat' dir='ltr'><strong>mqneat,</strong></span> <span class='ocrx_word' id='word_1_268' title='bbox 562 2681 644 2731; x_wconf 85' lang='lat' dir='ltr'><strong>utrum</strong></span> <span class='ocrx_word' id='word_1_269' title='bbox 662 2673 692 2731; x_wconf 90' lang='lat' dir='ltr'><strong>ad</strong></span> <span class='ocrx_word' id='word_1_270' title='bbox 705 2674 816 2730; x_wconf 89' lang='lat' dir='ltr'><strong>Hadriani</strong></span> <span class='ocrx_word' id='word_1_271' title='bbox 829 2689 859 2730; x_wconf 88' lang='lat' dir='ltr'><strong>arr</strong></span> <span class='ocrx_word' id='word_1_272' title='bbox 874 2674 939 2746; x_wconf 80' lang='lat' dir='ltr'><strong>qnod</strong></span> <span class='ocrx_word' id='word_1_273' title='bbox 953 2674 996 2730; x_wconf 87' lang='lat' dir='ltr'><strong>ille</strong></span> <span class='ocrx_word' id='word_1_274' title='bbox 1011 2672 1084 2727; x_wconf 90' lang='lat' dir='ltr'><strong>tradit</strong></span> 
     </span>
     <span class='ocr_line' id='line_1_30' title="bbox 106 2757 919 2831; baseline 0.001 -18"><span class='ocrx_word' id='word_1_275' title='bbox 106 2761 134 2814; x_wconf 91' lang='lat' dir='ltr'><strong>ad</strong></span> <span class='ocrx_word' id='word_1_276' title='bbox 145 2759 258 2814; x_wconf 71' lang='lat' dir='ltr'><strong>domnici</strong></span> <span class='ocrx_word' id='word_1_277' title='bbox 268 2757 304 2816; x_wconf 83' lang='lat' dir='ltr'><strong>Pii</strong></span> <span class='ocrx_word' id='word_1_278' title='bbox 315 2759 442 2829; x_wconf 88' lang='lat' dir='ltr'><strong>imperium</strong></span> <span class='ocrx_word' id='word_1_279' title='bbox 451 2760 581 2830; x_wconf 86' lang='lat' dir='ltr'><strong>pertineat,</strong></span> <span class='ocrx_word' id='word_1_280' title='bbox 590 2759 615 2814; x_wconf 90' lang='lat' dir='ltr'><strong>iu</strong></span> <span class='ocrx_word' id='word_1_281' title='bbox 625 2758 739 2830; x_wconf 55' lang='lat' dir='ltr'><strong>mbmno</strong></span> <span class='ocrx_word' id='word_1_282' title='bbox 749 2759 919 2831; x_wconf 60' lang='lat' dir='ltr'><strong>eloquemur.</strong></span> 
     </span>
    </p>

    <p class='ocr_par' dir='ltr' id='par_1_6' title="bbox 107 2841 1090 3668">
     <span class='ocr_line' id='line_1_31' title="bbox 190 2841 1084 2914; baseline -0.004 -16"><span class='ocrx_word' id='word_1_283' title='bbox 190 2841 312 2907; x_wconf 73' lang='lat' dir='ltr'><strong>ormam</strong></span> <span class='ocrx_word' id='word_1_284' title='bbox 327 2843 404 2914; x_wconf 76' lang='lat' dir='ltr'><strong>igitur</strong></span> <span class='ocrx_word' id='word_1_285' title='bbox 413 2843 439 2898; x_wconf 71' lang='lat' dir='ltr'><strong>m</strong></span> <span class='ocrx_word' id='word_1_286' title='bbox 448 2844 522 2898; x_wconf 88' lang='lat' dir='ltr'><strong>tantis</strong></span> <span class='ocrx_word' id='word_1_287' title='bbox 536 2841 643 2900; x_wconf 68' lang='lat' dir='ltr'><strong>tenebis</strong></span> <span class='ocrx_word' id='word_1_288' title='bbox 653 2842 722 2914; x_wconf 82' lang='lat' dir='ltr'><strong>qnasi</strong></span> <span class='ocrx_word' id='word_1_289' title='bbox 732 2857 776 2912; x_wconf 85' lang='lat' dir='ltr'><strong>per</strong></span> <span class='ocrx_word' id='word_1_290' title='bbox 785 2849 938 2898; x_wconf 81' lang='lat' dir='ltr'><strong>tmnsenmm</strong></span> <span class='ocrx_word' id='word_1_291' title='bbox 949 2841 1084 2911; x_wconf 87' lang='lat' dir='ltr'><strong>aspicienti·</strong></span> 
     </span>
     <span class='ocr_line' id='line_1_32' title="bbox 107 2923 1085 2998; baseline -0.005 -16"><span class='ocrx_word' id='word_1_292' title='bbox 107 2928 150 2982; x_wconf 89' lang='lat' dir='ltr'><strong>bus</strong></span> <span class='ocrx_word' id='word_1_293' title='bbox 162 2925 300 2982; x_wconf 70' lang='lat' dir='ltr'><strong>mutuum</strong></span> <span class='ocrx_word' id='word_1_294' title='bbox 311 2927 404 2998; x_wconf 85' lang='lat' dir='ltr'><strong>assequ</strong></span> <span class='ocrx_word' id='word_1_295' title='bbox 414 2927 485 2990; x_wconf 81' lang='lat' dir='ltr'><strong>icet,</strong></span> <span class='ocrx_word' id='word_1_296' title='bbox 504 2925 656 2982; x_wconf 80' lang='lat' dir='ltr'><strong>Domitianus</strong></span> <span class='ocrx_word' id='word_1_297' title='bbox 664 2925 802 2982; x_wconf 83' lang='lat' dir='ltr'><strong>quenalem</strong></span> <span class='ocrx_word' id='word_1_298' title='bbox 811 2923 857 2980; x_wconf 91' lang='lat' dir='ltr'><strong>sub</strong></span> <span class='ocrx_word' id='word_1_299' title='bbox 868 2923 969 2980; x_wconf 69' lang='lat' dir='ltr'><strong>honmta</strong></span> <span class='ocrx_word' id='word_1_300' title='bbox 985 2923 1085 2980; x_wconf 87' lang='lat' dir='ltr'><strong>militiae</strong></span> 
     </span>
     <span class='ocr_line' id='line_1_33' title="bbox 107 3008 1083 3081; baseline -0.006 -14"><span class='ocrx_word' id='word_1_301' title='bbox 107 3010 293 3081; x_wconf 83' lang='lat' dir='ltr'><strong>specieesnlaro</strong></span> <span class='ocrx_word' id='word_1_302' title='bbox 308 3010 391 3075; x_wconf 88' lang='lat' dir='ltr'><strong>iussit,</strong></span> <span class='ocrx_word' id='word_1_303' title='bbox 410 3011 525 3066; x_wconf 79' lang='lat' dir='ltr'><strong>siacum</strong></span> <span class='ocrx_word' id='word_1_304' title='bbox 535 3009 633 3074; x_wconf 84' lang='lat' dir='ltr'><strong>Paride,</strong></span> <span class='ocrx_word' id='word_1_305' title='bbox 651 3023 724 3080; x_wconf 84' lang='lat' dir='ltr'><strong>quern</strong></span> <span class='ocrx_word' id='word_1_306' title='bbox 734 3015 815 3064; x_wconf 87' lang='lat' dir='ltr'><strong>tamen</strong></span> <span class='ocrx_word' id='word_1_307' title='bbox 826 3009 906 3078; x_wconf 88' lang='lat' dir='ltr'><strong>ipsmn</strong></span> <span class='ocrx_word' id='word_1_308' title='bbox 921 3008 969 3062; x_wconf 88' lang='lat' dir='ltr'><strong>iam</strong></span> <span class='ocrx_word' id='word_1_309' title='bbox 979 3022 1001 3064; x_wconf 91' lang='lat' dir='ltr'><strong>a.</strong></span> <span class='ocrx_word' id='word_1_310' title='bbox 1011 3011 1047 3066; x_wconf 68' lang='lat'><strong>8²</strong></span> <span class='ocrx_word' id='word_1_311' title='bbox 1057 3022 1083 3077; x_wconf 91' lang='lat' dir='ltr'><strong>p.</strong></span> 
     </span>
     <span class='ocr_line' id='line_1_34' title="bbox 107 3090 1082 3165; baseline -0.006 -15"><span class='ocrx_word' id='word_1_312' title='bbox 107 3093 163 3152; x_wconf 87' lang='lat' dir='ltr'><strong>Clu.</strong></span> <span class='ocrx_word' id='word_1_313' title='bbox 184 3093 295 3150; x_wconf 86' lang='lat' dir='ltr'><strong>adulterii</strong></span> <span class='ocrx_word' id='word_1_314' title='bbox 311 3093 412 3150; x_wconf 81' lang='lat' dir='ltr'><strong>cristine</strong></span> <span class='ocrx_word' id='word_1_315' title='bbox 426 3094 527 3165; x_wconf 86' lang='lat' dir='ltr'><strong>periisse</strong></span> <span class='ocrx_word' id='word_1_316' title='bbox 541 3093 614 3148; x_wconf 87' lang='lat' dir='ltr'><strong>tradit</strong></span> <span class='ocrx_word' id='word_1_317' title='bbox 630 3090 676 3147; x_wconf 78' lang='lat' dir='ltr'><strong>illo</strong></span> <span class='ocrx_word' id='word_1_318' title='bbox 691 3091 966 3158; x_wconf 70' lang='lat' dir='ltr'><strong>cus.txvtt.s,s1re</strong></span> <span class='ocrx_word' id='word_1_319' title='bbox 977 3096 1082 3156; x_wconf 88' lang='lat' dir='ltr'><strong>mortuo,</strong></span> 
     </span>
     <span class='ocr_line' id='line_1_35' title="bbox 107 3173 1085 3250; baseline -0.007 -16"><span class='ocrx_word' id='word_1_320' title='bbox 107 3179 161 3250; x_wconf 77' lang='lat' dir='ltr'><strong>quia</strong></span> <span class='ocrx_word' id='word_1_321' title='bbox 171 3179 237 3234; x_wconf 88' lang='lat' dir='ltr'><strong>illins</strong></span> <span class='ocrx_word' id='word_1_322' title='bbox 246 3178 345 3234; x_wconf 89' lang='lat' dir='ltr'><strong>nomine</strong></span> <span class='ocrx_word' id='word_1_323' title='bbox 360 3193 388 3233; x_wconf 89' lang='lat' dir='ltr'><strong>so</strong></span> <span class='ocrx_word' id='word_1_324' title='bbox 405 3177 484 3234; x_wconf 73' lang='lat' dir='ltr'><strong>notan</strong></span> <span class='ocrx_word' id='word_1_325' title='bbox 495 3175 647 3233; x_wconf 85' lang='lat' dir='ltr'><strong>Domitianus</strong></span> <span class='ocrx_word' id='word_1_326' title='bbox 656 3175 830 3248; x_wconf 66' lang='lat' dir='ltr'><strong>susplroaretuu</strong></span> <span class='ocrx_word' id='word_1_327' title='bbox 846 3174 895 3230; x_wconf 88' lang='lat' dir='ltr'><strong>lroo</strong></span> <span class='ocrx_word' id='word_1_328' title='bbox 910 3180 991 3231; x_wconf 87' lang='lat' dir='ltr'><strong>antem</strong></span> <span class='ocrx_word' id='word_1_329' title='bbox 1005 3173 1085 3244; x_wconf 89' lang='lat' dir='ltr'><strong>posito</strong></span> 
     </span>
     <span class='ocr_line' id='line_1_36' title="bbox 107 3256 1086 3334; baseline -0.005 -18"><span class='ocrx_word' id='word_1_330' title='bbox 107 3263 127 3316; x_wconf 85' lang='lat' dir='ltr'><strong>si</strong></span> <span class='ocrx_word' id='word_1_331' title='bbox 136 3262 231 3319; x_wconf 88' lang='lat' dir='ltr'><strong>deloco</strong></span> <span class='ocrx_word' id='word_1_332' title='bbox 242 3261 307 3318; x_wconf 83' lang='lat' dir='ltr'><strong>exilii</strong></span> <span class='ocrx_word' id='word_1_333' title='bbox 317 3263 467 3334; x_wconf 83' lang='lat' dir='ltr'><strong>quaerimus,</strong></span> <span class='ocrx_word' id='word_1_334' title='bbox 478 3260 519 3316; x_wconf 84' lang='lat' dir='ltr'><strong>air</strong></span> <span class='ocrx_word' id='word_1_335' title='bbox 532 3260 704 3334; x_wconf 74' lang='lat' dir='ltr'><strong>intelligimus,</strong></span> <span class='ocrx_word' id='word_1_336' title='bbox 714 3259 837 3332; x_wconf 87' lang='lat' dir='ltr'><strong>quomodo</strong></span> <span class='ocrx_word' id='word_1_337' title='bbox 851 3263 890 3314; x_wconf 88' lang='lat' dir='ltr'><strong>tot</strong></span> <span class='ocrx_word' id='word_1_338' title='bbox 899 3256 1010 3314; x_wconf 88' lang='lat' dir='ltr'><strong>homiues</strong></span> <span class='ocrx_word' id='word_1_339' title='bbox 1020 3256 1086 3312; x_wconf 84' lang='lat' dir='ltr'><strong>docti</strong></span> 
     </span>
     <span class='ocr_line' id='line_1_37' title="bbox 108 3341 1086 3419; baseline -0.005 -19"><span class='ocrx_word' id='word_1_340' title='bbox 108 3347 178 3401; x_wconf 71' lang='lat' dir='ltr'><strong>aum</strong></span> <span class='ocrx_word' id='word_1_341' title='bbox 197 3361 263 3402; x_wconf 89' lang='lat' dir='ltr'><strong>nnnc</strong></span> <span class='ocrx_word' id='word_1_342' title='bbox 273 3347 410 3419; x_wconf 70' lang='lat' dir='ltr'><strong>Aegyptam</strong></span> <span class='ocrx_word' id='word_1_343' title='bbox 425 3344 506 3401; x_wconf 86' lang='lat' dir='ltr'><strong>Sectis</strong></span> <span class='ocrx_word' id='word_1_344' title='bbox 527 3345 565 3400; x_wconf 83' lang='lat' dir='ltr'><strong>rel</strong></span> <span class='ocrx_word' id='word_1_345' title='bbox 575 3351 604 3401; x_wconf 88' lang='lat' dir='ltr'><strong>nt</strong></span> <span class='ocrx_word' id='word_1_346' title='bbox 613 3359 644 3400; x_wconf 86' lang='lat' dir='ltr'><strong>ex</strong></span> <span class='ocrx_word' id='word_1_347' title='bbox 654 3344 724 3400; x_wconf 90' lang='lat' dir='ltr'><strong>istius</strong></span> <span class='ocrx_word' id='word_1_348' title='bbox 735 3345 820 3400; x_wconf 74' lang='lat' dir='ltr'><strong>aetatu</strong></span> <span class='ocrx_word' id='word_1_349' title='bbox 835 3358 881 3399; x_wconf 92' lang='lat' dir='ltr'><strong>usu</strong></span> <span class='ocrx_word' id='word_1_350' title='bbox 897 3343 988 3398; x_wconf 82' lang='lat' dir='ltr'><strong>reotIm</strong></span> <span class='ocrx_word' id='word_1_351' title='bbox 998 3341 1086 3397; x_wconf 84' lang='lat' dir='ltr'><strong>dicitnr</strong></span> 
     </span>
     <span class='ocr_line' id='line_1_38' title="bbox 110 3424 1088 3500; baseline -0.004 -17"><span class='ocrx_word' id='word_1_352' title='bbox 110 3429 251 3486; x_wconf 83' lang='lat' dir='ltr'><strong>Caledonius</strong></span> <span class='ocrx_word' id='word_1_353' title='bbox 261 3429 381 3500; x_wconf 80' lang='lat' dir='ltr'><strong>praetorne</strong></span> <span class='ocrx_word' id='word_1_354' title='bbox 398 3429 546 3495; x_wconf 81' lang='lat' dir='ltr'><strong>sustineam,</strong></span> <span class='ocrx_word' id='word_1_355' title='bbox 562 3443 634 3500; x_wconf 85' lang='lat' dir='ltr'><strong>quam</strong></span> <span class='ocrx_word' id='word_1_356' title='bbox 644 3429 693 3483; x_wconf 71' lang='lat' dir='ltr'><strong>hun</strong></span> <span class='ocrx_word' id='word_1_357' title='bbox 702 3428 728 3482; x_wconf 88' lang='lat' dir='ltr'><strong>iu</strong></span> <span class='ocrx_word' id='word_1_358' title='bbox 738 3428 780 3484; x_wconf 92' lang='lat' dir='ltr'><strong>illo</strong></span> <span class='ocrx_word' id='word_1_359' title='bbox 790 3426 915 3499; x_wconf 88' lang='lat' dir='ltr'><strong>prooemio</strong></span> <span class='ocrx_word' id='word_1_360' title='bbox 926 3424 1038 3482; x_wconf 86' lang='lat' dir='ltr'><strong>omnibus</strong></span> <span class='ocrx_word' id='word_1_361' title='bbox 1048 3439 1088 3479; x_wconf 87' lang='lat' dir='ltr'><strong>ra·</strong></span> 
     </span>
     <span class='ocr_line' id='line_1_39' title="bbox 108 3505 1088 3584; baseline -0.006 -17"><span class='ocrx_word' id='word_1_362' title='bbox 108 3512 212 3568; x_wconf 84' lang='lat' dir='ltr'><strong>tionibus</strong></span> <span class='ocrx_word' id='word_1_363' title='bbox 222 3513 348 3569; x_wconf 86' lang='lat' dir='ltr'><strong>subductls</strong></span> <span class='ocrx_word' id='word_1_364' title='bbox 362 3513 442 3572; x_wconf 84' lang='lat' dir='ltr'><strong>multo</strong></span> <span class='ocrx_word' id='word_1_365' title='bbox 457 3512 538 3584; x_wconf 61' lang='lat' dir='ltr'><strong>morea</strong></span> <span class='ocrx_word' id='word_1_366' title='bbox 554 3511 728 3582; x_wconf 83' lang='lat' dir='ltr'><strong>probabilitatis</strong></span> <span class='ocrx_word' id='word_1_367' title='bbox 742 3523 864 3565; x_wconf 80' lang='lat' dir='ltr'><strong>numeros</strong></span> <span class='ocrx_word' id='word_1_368' title='bbox 873 3508 963 3564; x_wconf 86' lang='lat' dir='ltr'><strong>babere</strong></span> <span class='ocrx_word' id='word_1_369' title='bbox 981 3505 1088 3563; x_wconf 88' lang='lat' dir='ltr'><strong>ostendi·</strong></span> 
     </span>
     <span class='ocr_line' id='line_1_40' title="bbox 108 3586 1090 3668; baseline -0.011 -16"><span class='ocrx_word' id='word_1_370' title='bbox 108 3610 168 3652; x_wconf 85' lang='lat' dir='ltr'><strong>mns.</strong></span> <span class='ocrx_word' id='word_1_371' title='bbox 191 3595 261 3652; x_wconf 87' lang='lat' dir='ltr'><strong>llitto</strong></span> <span class='ocrx_word' id='word_1_372' title='bbox 273 3595 424 3664; x_wconf 82' lang='lat' dir='ltr'><strong>Teudelium,</strong></span> <span class='ocrx_word' id='word_1_373' title='bbox 435 3595 477 3668; x_wconf 79' lang='lat' dir='ltr'><strong>qul</strong></span> <span class='ocrx_word' id='word_1_374' title='bbox 487 3595 513 3650; x_wconf 93' lang='lat' dir='ltr'><strong>in</strong></span> <span class='ocrx_word' id='word_1_375' title='bbox 522 3593 551 3650; x_wconf 88' lang='lat' dir='ltr'><strong>N.</strong></span> <span class='ocrx_word' id='word_1_376' title='bbox 559 3593 643 3650; x_wconf 69' lang='lat' dir='ltr'><strong>lrmd</strong></span> <span class='ocrx_word' id='word_1_377' title='bbox 656 3594 723 3650; x_wconf 76' lang='lat'>1845</span> <span class='ocrx_word' id='word_1_378' title='bbox 735 3592 762 3647; x_wconf 75' lang='grc' dir='ltr'><strong>Τ.</strong></span> <span class='ocrx_word' id='word_1_379' title='bbox 774 3591 858 3657; x_wconf 83' lang='lat' dir='ltr'><strong>XLIII,</strong></span> <span class='ocrx_word' id='word_1_380' title='bbox 868 3605 894 3660; x_wconf 92' lang='lat' dir='ltr'><strong>p.</strong></span> <span class='ocrx_word' id='word_1_381' title='bbox 908 3593 959 3647; x_wconf 83' lang='lat'><strong>109</strong></span> <span class='ocrx_word' id='word_1_382' title='bbox 971 3603 1015 3659; x_wconf 89' lang='lat' dir='ltr'><strong>pro</strong></span> <span class='ocrx_word' id='word_1_383' title='bbox 1027 3586 1090 3642; x_wconf 79' lang='lat' dir='ltr'><strong>rra-</strong></span> 
     </span>
    </p>
   </div>
   <div class='ocr_carea' id='block_1_6' title="bbox 0 0 1300 3950">
    <p class='ocr_par' dir='ltr' id='par_1_7' title="bbox 0 0 1300 3950">
     <span class='ocr_line' id='line_1_41' title="bbox 0 0 1300 3950; baseline 0 0"><span class='ocrx_word' id='word_1_384' title='bbox 0 0 1300 3950; x_wconf 95' lang='lat' dir='ltr'><strong> </strong></span> 
     </span>
    </p>
   </div>
  </div>
 </body>
</html>
