2582 3950
527 237 652 286 suarna
672 239 705 286 v.
1067 227 1110 290 25

117 373 244 435 Frivola.
290 375 375 448 Quod
397 393 483 454 quum
504 377 544 436 ita
565 378 618 452 sit,
642 386 672 436 tn
696 375 846 439 Gaetulum
871 375 1066 454 Ganymedem

118 459 258 536 Respice,
282 477 368 538 quum
389 461 480 519 sities.
525 458 628 520 Nescit
648 469 691 521 tot
722 461 837 524 milibus
861 471 975 541 emptus
1074 473 1113 528 oo

117 540 295 620 Pauperibus
317 544 443 604 miscere
465 561 553 623 puer:
576 544 631 604 sed
653 544 765 621 forma,
788 545 842 605 sed
864 555 944 606 aetas

116 625 210 702 Digna
234 625 408 703 supercili03
436 627 551 706 quaudo
575 627 612 688 ad
635 637 665 688 te
689 629 824 706 pervenit
845 625 920 689 illel

117 707 238 783 Quando
261 718 381 788 rogatus
402 710 486 772 adest
509 707 621 772 calidae
644 710 821 791 gelidaeque
841 710 993 772 minister?

117 792 234 870 Quippe
255 793 420 871 indignatur
442 795 537 854 veteri
560 811 666 872 parere
691 793 801 872 clienti,

116 873 259 954 Quodque
282 875 390 956 aliquid
412 893 536 955 poscas,
559 885 590 936 ct
610 877 688 956 quod
713 896 746 938 se
769 887 863 939 stante
886 879 1050 941 recumbas.
1074 892 1112 946 65

114 957 238 1020 Maxima
261 977 394 1039 quaeque
417 961 519 1021 domus
542 963 636 1021 servis
660 970 706 1022 est
729 962 816 1040 plena
839 962 984 1041 superbis.

115 1040 197 1102 Ecce
218 1042 291 1104 alius
314 1052 421 1122 quanto
445 1045 580 1123 porrexit
601 1062 745 1105 murmure
769 1062 873 1124 panem

113 1125 172 1185 Vix
193 1125 331 1203 fractum,
356 1125 468 1188 solidae
491 1128 548 1188 iam
570 1127 685 1188 mucida
705 1128 797 1189 frusta
818 1129 941 1206 farinae,

115 1208 197 1284 Quae
219 1211 375 1287 genuinum
398 1211 526 1288 agitent,
549 1227 607 1270 non
630 1211 808 1273 admittentia
832 1229 974 1274 morsmn:

114 1294 174 1354 Sed
198 1301 334 1355 teneret
355 1295 459 1354 niveus
481 1293 622 1374 mollique
644 1293 759 1373 siligine
781 1295 876 1357 factus
1075 1307 1112 1360 to

113 1377 254 1438 Servatur
277 1375 403 1439 domino.
447 1377 588 1440 Dextram
610 1377 751 1439 cohibere
773 1389 937 1449 memento;

113 1461 202 1522 Salva
224 1462 261 1521 sit
283 1471 416 1541 artoptae
439 1461 622 1522 reverentia!
650 1463 728 1541 linge
750 1471 846 1524 tamen
869 1473 898 1523 te

111 1544 329 1624 Improbulum,
353 1554 490 1626 superest
512 1545 574 1606 illic
594 1547 643 1625 qni
667 1563 779 1625 ponere
800 1556 906 1624 cogat:

112 1629 165 1688 Vis
188 1637 218 1688 tn
240 1631 387 1690 consuetis
409 1629 504 1692 audax
529 1631 652 1691 conviva
674 1631 808 1691 canistris

111 1711 232 1791 lmpleri
256 1713 398 1793 panisque
420 1715 461 1774 tui
482 1715 603 1774 novisse
628 1710 838 1775 coloremi*
1074 1723 1107 1778 io

111 1783 235 1857 Scilicet
256 1796 313 1857 boc
336 1799 450 1874 iuerat,
472 1806 597 1878 propter
620 1799 699 1876 quod
723 1814 814 1876 saepe
835 1797 940 1858 relicta

113 1877 247 1958 Coniuge
270 1899 326 1961 per
346 1890 472 1942 montem
497 1881 652 1942 adversum
672 1879 847 1958 gelidasque
871 1882 985 1941 cucurri

110 1962 279 2042 Esquilias,
302 1965 443 2025 fremeret
464 1982 554 2025 saeva
576 1982 663 2043 quum
684 1963 826 2042 pandiae
848 1981 956 2024 vernus

111 2048 244 2128 iuppiter
267 2057 297 2109 et
317 2047 408 2108 multo
431 2047 555 2108 stillaret
576 2048 702 2127 paenula
724 2046 892 2107 nimbo!-

111 2132 242 2212 Aspioe,
265 2149 351 2212 quam
373 2129 464 2209 longo
488 2130 632 2193 distendat
656 2139 779 2210 pectore
802 2129 928 2206 lancem,
1073 2141 1110 2195 80

112 2215 196 2291 Quae
219 2214 312 2276 terum
335 2215 451 2276 domino
474 2215 596 2294 squilla,
624 2215 782 2295 atquibus
804 2214 931 2293 undique
955 2223 1038 2293 septa

111 2299 291 2380 Asparagis,
316 2316 373 2379 qna
395 2299 540 2378 despiciat
561 2298 694 2360 convivia
717 2298 819 2374 cauda,

108 2383 186 2445 Dum
215 2386 295 2446 venit
332 2381 445 2443 excelsi
469 2382 600 2444 manibus
623 2381 737 2443 sublata
758 2383 896 2442 ministri:

111 2467 174 2528 Sed
195 2466 247 2527 tibi
270 2467 387 2528 dimidio
412 2467 587 2527 constrictus
611 2483 771 2527 cammarus
794 2481 851 2525 ovo

110 2551 232 2612 Ponitur
254 2553 360 2629 exigna
383 2549 485 2610 feralis
509 2565 602 2610 coena
624 2548 745 2629 patella.
1073 2557 1109 2612 85

111 2634 182 2714 lpse
205 2634 374 2695 Venafrano
396 2635 508 2712 piscem
530 2633 693 2712 perfundit:
717 2643 746 2693 at
767 2632 831 2708 bic,
853 2632 901 2710 qui
1011 2666 1027 2698 .

111 2717 241 2778 Pallidus
264 2719 385 2778 aliertm
404 2717 512 2778 misero
534 2717 586 2778 tibi
609 2715 720 2793 caulis,
747 2715 840 2778 olebit

110 2799 298 2869 Lanternam;
321 2801 392 2862 illud
417 2803 492 2861 enirn
515 2803 622 2862 vestris
644 2801 728 2862 datur
752 2799 893 2878 alveolis,
917 2801 994 2878 qnod

113 2879 212 2944 Canna
235 2883 421 2964 llicipsarum
443 2903 531 2966 prora
554 2885 690 2947 subvexit
711 2893 807 2952 acuta:

110 2966 239 3046 Propter
259 2970 337 3048 quod
359 2969 470 3030 llomae
493 2987 556 3029 cum
576 2969 711 3030 Boccare
735 2985 820 3028 nemo
841 2966 964 3043 lavatur,
1073 2977 1108 3030 90

113 3049 214 3130 [Quod
236 3061 314 3113 tutos
340 3053 426 3114 etiam
448 3053 517 3115 iacit
539 3071 555 3114 a
577 3050 765 3131 serpentibus
788 3050 882 3129 atris]

111 3132 221 3196 blullus
244 3138 299 3198 erit
323 3137 446 3213 domini,
470 3154 556 3216 quern
577 3137 654 3196 misit
677 3132 815 3210 Corsica,
837 3134 887 3194 vel
909 3151 996 3213 quem

111 3216 376 3282 Tauromenitanae
398 3238 506 3299 rupes,
529 3219 645 3300 qnando
670 3235 754 3279 omne
776 3223 927 3296 peractum
951 3226 995 3277 est

110 3300 228 3364 Etiam
250 3304 361 3364 deiecit
381 3313 510 3365 nostrum
531 3321 627 3379 mare,
650 3302 716 3363 dum
738 3301 807 3380 gula
831 3302 935 3377 saevit,

111 3384 237 3448 lletibns
261 3387 385 3448 assiduis
408 3388 523 3466 penitus
546 3395 693 3448 scrutante
720 3384 846 3447 macello
1072 3391 1105 3446 95

111 3467 264 3549 Proxima,
288 3489 344 3531 nec
364 3471 487 3550 patimur
509 3469 688 3546 Tyrrhenrun
712 3486 851 3530 crescere
873 3468 992 3546 piscem.
