2590 3946
194 232 236 296 90
521 242 557 288 D.
580 241 651 290 tort.
674 237 860 288 luvttrtnuts

195 382 343 444 Balantem
367 389 396 440 et
418 377 538 439 Laribus
562 379 677 438 mistam
699 378 869 457 promittere
890 379 963 457 galli

195 466 260 528 Non
284 464 405 531 audent;
430 461 498 540 quid
521 463 597 522 enim
617 477 740 540 sperare
763 461 935 522 nocentibus
958 465 1056 542 aegris

196 544 398 610 Concessum?
418 546 467 606 vel
492 563 567 624 quae
590 561 647 604 uon
670 544 785 622 dignior
806 545 902 607 hostia
921 545 1003 608 vitai
1131 557 1181 614 m

195 632 312 694 Mobilis
335 640 366 692 et
386 631 466 691 varia
489 638 535 689 est
557 630 648 690 ferme
669 637 769 691 natura
790 630 941 691 malorum.

196 717 290 791 Quum
311 713 409 776 seelus
431 713 594 789 admittunt,
618 721 754 791 superest
775 715 951 783 oonstantia;
975 716 1044 794 quid
1065 716 1109 776 ias

196 802 293 880 Atque
317 799 419 873 nefas,
442 797 558 858 tandem
582 797 721 875 incipiunt
743 799 852 858 sentire
875 801 1004 876 peractis

196 882 379 944 criminibus.
412 880 522 943 Tamen
543 880 579 940 ad
601 897 699 940 mores
721 889 822 941 natura
843 883 969 943 recurrit

194 968 369 1042 Damnatos,
394 965 450 1025 fixa
472 975 502 1024 et
524 965 625 1027 mutari
646 966 757 1025 neseio.
787 962 861 1024 Nam
882 968 946 1044 quis
1132 978 1185 1031 240

194 1050 340 1113 Peooandi
362 1049 447 1109 iinem
468 1050 566 1128 posuit
587 1044 664 1108 sibit
686 1049 800 1128 quaudo
824 1051 938 1128 reoepit

195 1135 327 1196 Eieotum
348 1132 441 1194 semel
463 1134 559 1194 attrita
580 1133 618 1194 de
640 1131 737 1193 fronte
759 1130 916 1193 ruborem?

196 1219 333 1293 Quisnam
355 1217 500 1277 hominum
523 1225 585 1292 est,
609 1233 695 1295 quern
717 1225 747 1276 tu
770 1225 937 1278 contentum
956 1216 1064 1280 videris
1084 1237 1142 1281 uno

195 1298 341 1379 Flagitioi
372 1300 451 1361 dabit
472 1301 501 1358 in
525 1299 659 1377 laqueum
680 1301 807 1377 vestigia
828 1310 929 1362 noster

194 1385 325 1445 Perfidus
350 1392 380 1443 et
401 1385 475 1461 nigri
497 1385 623 1463 patietur
644 1384 772 1443 oaroeris
793 1402 897 1446 unoum
1134 1399 1186 1453 245

194 1468 253 1529 Ant
274 1469 359 1529 maris
381 1466 496 1544 Aegaei
521 1484 623 1546 rupem
646 1467 846 1546 scopulosque
869 1470 1039 1549 frequentes

194 1550 337 1612 Exulibus
357 1553 480 1628 magnis.
509 1550 608 1612 Poena
629 1548 772 1626 gaudebis
795 1569 892 1614 amara

194 1634 324 1696 Nominis
346 1634 448 1710 invisi,
472 1632 645 1712 tandemque
668 1633 801 1695 fatebere
822 1635 927 1714 laetus,

194 1716 258 1778 Neo
280 1718 396 1779 surdum
419 1736 474 1778 noo
497 1716 629 1779 Tiresian
662 1733 834 1797 quemqnam
857 1737 925 1782 esse
949 1723 1079 1784 deorum.

510 2051 747 2117 SATIRA
782 2051 876 2116 XIV.

113 2277 118 2282 ,
194 2177 328 2271 Plurima
351 2216 431 2283 sunt,
455 2206 597 2286 sunnine,
621 2221 651 2272 et
671 2212 746 2272 iama
769 2210 854 2288 digna
881 2210 996 2270 sinistra

193 2293 231 2356 Et
256 2290 353 2353 nitidis
374 2291 515 2352 matulam
541 2293 693 2356 haesuram
716 2295 836 2372 igentia
858 2292 958 2368 rebus,

194 2377 277 2451 Quae
298 2384 459 2436 monstrant
483 2377 540 2456 ipsi
563 2380 662 2457 pueris
683 2378 857 2456 traduntque
878 2386 1026 2456 parentes.

194 2461 226 2521 Si
251 2459 389 2520 damnosa
415 2478 516 2521 senem
541 2463 619 2524 iuvat
639 2462 719 2539 alea,
747 2462 818 2524 ludit
839 2470 868 2521 et
889 2461 977 2522 heres
1069 2492 1071 2498 ·
1161 2527 1166 2538 ,

193 2543 323 2604 bullatus
347 2562 497 2624 parvoque
520 2545 623 2608 eadem
645 2556 743 2608 movet
766 2564 845 2609 arma
865 2544 977 2607 iritillo.
1064 2597 1068 2603 .
1167 2559 1185 2610 t

193 2626 258 2688 Neo
277 2627 380 2689 melius
402 2627 439 2689 de
460 2648 493 2688 se
517 2630 648 2709 cuiquam
672 2649 793 2710 sperare
814 2630 979 2709 propinquo

194 2709 346 2772 Goneedet
367 2712 496 2788 iuvenis,
524 2714 572 2791 qui
594 2713 699 2773 radere
720 2713 823 2774 tubera
846 2721 953 2788 terrae,

192 2793 326 2854 Boletum
349 2795 468 2855 condire
492 2805 521 2854 et
543 2796 649 2855 eodem
671 2797 734 2856 iure
759 2804 891 2855 natantes

192 2877 332 2956 Mergere
356 2877 496 2938 floeduias
521 2877 636 2955 didicit,
657 2878 806 2940 nebulone
827 2884 950 2956 parente

192 2961 231 3023 lit
256 2978 327 3022 oana
349 2968 526 3020 monstrante
550 2961 634 3038 gula:
658 2982 745 3043 quum
768 2962 907 3042 septimus
929 2976 1019 3022 annus
1151 2976 1185 3026 lt

193 3044 354 3108 Transierit
371 3060 509 3121 puerum,
536 3045 660 3107 nondum
685 3049 762 3109 omni
784 3047 872 3109 dente
894 3053 1008 3120 renato,

191 3127 335 3191 Barbatos
361 3126 430 3187 lioet
451 3128 608 3191 admoveas
634 3132 713 3193 mille
733 3134 800 3194 inde
824 3132 991 3210 magistros,
1009 3155 1011 3159 ·

192 3212 265 3273 Hine
286 3209 422 3289 totidem,
448 3214 547 3294 oupiet
570 3213 649 3278 lanto
677 3234 803 3278 ooenare
829 3223 931 3295 paratu

193 3298 317 3375 Semper
342 3303 373 3356 et
397 3313 414 3357 a
438 3313 619 3375 magnanon
641 3302 823 3378 degenerare
848 3298 952 3359 eulina.

191 3379 290 3442 biitem
313 3380 435 3442 animum
460 3390 489 3443 et
510 3399 608 3445 mores
633 3386 755 3446 modieis
775 3382 924 3446 erroribus
950 3397 1062 3459 aequos
1152 3391 1186 3445 lt

192 3463 337 3544 Praecipit
364 3474 452 3546 atque
474 3468 582 3530 animas
604 3487 756 3532 serrorum
780 3477 810 3532 et
837 3483 963 3549 eorpora
987 3473 1087 3526 nostra
