2590 3946
198 251 258 314 tot
526 263 562 310 n.
586 263 868 314 numuuvnusuts

196 402 332 480 (lugebat
351 402 437 464 vacui
459 401 569 460 ventris
594 401 691 478 turon,
713 400 846 465 hostibus
867 405 939 483 ipsis
1131 421 1182 474 100

195 486 341 549 l'allorem
367 503 402 545 ac
423 485 545 545 maciem
567 493 597 545 et
618 493 722 546 tennes
747 487 949 548 miserantibus
972 497 1062 566 artus,

195 568 326 630 Membra
349 569 443 629 aliena
465 568 541 628 lame
564 567 751 645 lacerabant,
780 587 847 630 esse
869 572 962 649 parati

196 653 235 714 Et
260 669 321 712 sua.
355 649 492 726 Quisnam
516 651 660 711 bominum
680 652 793 714 reniam
815 654 886 714 dare
913 656 1014 733 quisve
1037 656 1158 718 deorum

195 734 352 796 ventribus
375 733 517 796 abnueret
533 734 594 796 dira
617 743 705 813 atque
725 736 856 798 immania
877 739 973 816 passis

195 819 235 881 Et
257 819 361 898 quibus
382 817 497 879 illorum
518 826 652 897 poterant
672 820 829 896 ignoscere
851 837 961 897 manos,
1130 835 1182 888 105

197 902 326 979 Quorum
347 902 521 981 corporibus
542 899 757 962 vescebantur?
779 901 884 964 Melius
905 921 959 964 nos

197 985 324 1048 Zenonis
345 994 506 1066 praccepta
527 993 658 1054 monent;
684 1003 741 1046 nec
761 987 836 1046 enim
858 988 968 1064 omnia,
996 989 1137 1068 quaedum

196 1069 253 1130 Pro
276 1070 335 1130 vita
356 1067 491 1130 iacienda
513 1078 628 1148 putant:
656 1069 709 1129 sed
731 1067 876 1130 cantaber
897 1071 973 1132 unde

198 1153 329 1229 Stoicus,
351 1153 459 1231 antiqui
481 1155 653 1232 praesertim
671 1159 768 1214 aetate
789 1151 924 1215 Metelli?

196 1235 280 1297 Nunc
301 1245 379 1297 totos
402 1235 503 1296 Graias
524 1233 698 1315 nostrasque
721 1235 809 1297 habat
830 1236 910 1298 orbis
933 1236 1073 1314 Athenas,
1130 1250 1182 1302 110

198 1317 291 1382 (tallia
316 1319 480 1380 causidicos
503 1318 601 1380 docuit
625 1319 749 1380 lacunda
770 1319 932 1402 Britannos,
1066 1385 1071 1390 ,

196 1403 242 1463 De
266 1401 457 1464 conducendo
481 1402 608 1481 loquitur
628 1403 684 1462 iam
704 1401 823 1463 rhetore
847 1404 950 1480 Thyle.

196 1485 310 1546 Nobilis
336 1485 389 1545 ille
410 1494 507 1545 tamen
527 1485 670 1565 populus,
699 1503 785 1564 quem
811 1486 948 1563 diximus,
977 1497 1006 1547 et
1029 1505 1082 1566 par

196 1570 311 1628 Virtute
335 1577 423 1646 atque
450 1569 524 1644 lide,
547 1568 602 1628 sed
623 1570 715 1628 maior
736 1569 836 1646 clade,
859 1571 1014 1648 saguntus,

198 1651 269 1713 'lale
291 1651 358 1730 quid
382 1660 517 1712 excusat:
547 1650 693 1712 Maeotide
715 1654 832 1713 saevior
854 1672 904 1714 ara
1130 1667 1181 1718 115

196 1736 361 1815 Aegyptus.
401 1733 517 1814 Quippe
538 1735 588 1796 illa
610 1734 726 1796 nefandi
750 1733 871 1798 Taurica
898 1739 974 1798 sacri

196 1818 344 1880 inventrix
364 1819 496 1878 homines
520 1820 660 1898 (utiam,
686 1836 761 1898 quae
784 1823 909 1882 carmina
930 1821 1054 1897 tradunt,

197 1903 292 1981 Digna
315 1903 371 1963 lide
394 1902 514 1982 credas)
537 1911 645 1963 tanturn
669 1903 813 1980 immolat,
835 1905 956 1965 ulterius
977 1904 1016 1964 nil

197 1987 256 2046 Aut
278 1988 397 2064 gravius
419 1986 511 2046 cultro
534 1987 615 2046 timet
637 1987 746 2047 hostia:
773 1989 837 2065 quis
858 1988 944 2049 modo
969 2005 1054 2048 casus

196 2069 313 2148 Impulit
333 2067 410 2128 bos?
439 2087 513 2147 qnae
534 2078 611 2131 tanta
635 2070 727 2130 fames
747 2070 911 2149 infestaque
934 2071 1013 2132 vallo
1132 2081 1182 2134 110

197 2152 286 2214 Arma
310 2162 473 2230 coegerunt
494 2162 551 2216 tam
578 2152 752 2216 detestabile
775 2163 932 2216 monstrum

198 2232 341 2297 Auderei
367 2237 563 2313 annotabam,
590 2247 668 2299 terra
689 2235 876 2316 Memphitide
899 2240 989 2314 sicca,

197 2318 335 2380 invidiam
356 2319 487 2381 lacerent
510 2320 621 2381 nolenti
644 2338 766 2398 surgere
788 2318 880 2381 Nilo?

200 2403 263 2478 Qua
286 2420 342 2463 nec
364 2402 511 2464 terribiles
534 2402 642 2464 Cimbri
663 2422 719 2464 nec
739 2403 874 2465 Bistones
897 2424 1030 2484 umquam

198 2488 445 2566 Sauromataeque
467 2495 566 2548 truces
589 2496 637 2547 aut
662 2489 800 2548 immanes
821 2488 989 2568 Agathyrsi,
1132 2500 1183 2553 115

198 2569 260 2630 llac
282 2571 375 2632 saevit
395 2570 477 2633 rabie
500 2569 618 2632 imbelle
643 2580 672 2632 et
695 2571 795 2632 inutile
817 2572 933 2650 vulgus,

199 2652 321 2714 Parvula
342 2653 478 2716 fictilibus
500 2654 617 2715 solitum
638 2654 708 2715 dare
729 2654 796 2715 vela
819 2655 948 2733 phaselis

198 2735 237 2796 Et
262 2735 400 2797 brevibus
422 2739 518 2815 pictae
539 2739 626 2797 ramis
652 2735 821 2797 incumbere
841 2746 946 2798 testae.

198 2817 262 2880 Nec
284 2838 409 2900 posnam
431 2819 537 2879 sceleri
558 2820 706 2894 invenies,
729 2837 784 2879 nec
805 2820 891 2896 digna
913 2819 1028 2899 parabis

199 2904 348 2982 Supplicia
370 2902 414 2962 luis
439 2902 573 2980 populis,
598 2903 770 2980 inquorum
791 2912 886 2963 mente
909 2912 1083 2982 parescunt
1133 2915 1184 2969 130

198 2986 236 3046 ldt
259 2986 369 3046 similes
390 2986 433 3045 ira
454 2995 541 3064 atque
560 2986 662 3046 fames.
693 2984 863 3047 Mollissima
885 2986 974 3047 corda

198 3067 329 3129 Humano
352 3069 455 3147 generi
476 3069 546 3130 dare
572 3088 606 3129 sc
628 3078 727 3130 natura
747 3070 865 3147 latetur,

201 3151 283 3225 Quae
307 3151 440 3213 lacrimas
463 3153 555 3222 dedit:
579 3154 653 3215 baec
673 3155 764 3214 nostri
784 3171 853 3233 pars
876 3155 983 3234 optima
1004 3171 1119 3215 sensus.

199 3234 319 3295 Plorare
343 3253 415 3314 ergo
436 3235 518 3298 iubet
543 3255 657 3299 causam
678 3237 800 3298 dicentis
822 3239 905 3299 amici

200 3319 431 3400 squaloremque
455 3321 516 3397 rei,
538 3321 678 3400 pupillum
700 3320 735 3381 ad
755 3322 816 3381 iura
838 3332 992 3384 vocantem
1133 3329 1183 3386 1⁸⁵

200 3399 507 3483 circumscriptorem,
529 3405 608 3464 cuius
629 3407 772 3467 manantia
792 3405 862 3466 lietu

199 3484 259 3548 Ora
281 3487 430 3566 puellares
452 3488 560 3550 iaciunt
585 3487 695 3550 incerta
717 3488 825 3568 capilli.
