2590 3946
503 222 629 272 sarrae
650 227 727 274 xm.
1069 217 1108 279 85

118 361 183 424 Nae
205 380 279 442 puer
299 360 421 438 Iliacus,
445 361 574 424 formasa
595 379 652 424 aea
673 363 808 426 Herculia
828 385 902 428 uxor

119 446 166 506 Ad
190 446 312 522 cyathus
332 455 364 505 et
384 445 440 506 iam
463 447 574 508 situata
595 458 717 508 uastare
739 458 860 528 tergens

119 530 241 591 Brachia
264 529 412 590 Vulcanus
432 528 575 609 Liparaea
596 533 679 609 migra
698 531 836 609 taberna,
1076 547 1111 601 45

118 613 282 674 Prandebat
303 613 359 673 ribi
377 614 505 694 quisque
519 615 616 692 daus,
636 633 693 676 ree
714 616 799 678 turba
819 617 940 679 deorum

8 685 9 734 3
119 697 201 758 Talis
222 707 253 758 ut
275 707 320 757 est
342 697 447 774 bodie,
470 707 666 779 commataque
686 700 785 762 sidera
806 702 908 780 paucis

118 779 287 841 Numinibus
309 782 445 844 miserum
468 783 612 860 urgebant
629 783 746 846 Atlanta
765 785 868 846 miuu'ri

119 865 268 934 Pondera;
292 867 417 928 nondum
436 867 541 946 aliquis
560 869 682 929 sortitus
703 869 786 930 triste
808 868 946 948 proiuudi

119 948 273 1029 Imperium
296 959 344 1010 aut
363 949 462 1010 Sicula
479 959 582 1010 torvus
604 967 668 1012 eum
688 954 815 1032 coniuge
837 953 950 1030 Plutus,

118 1032 184 1093 Nee
205 1041 268 1094 rota
290 1051 347 1094 nee
369 1033 463 1093 iuriae
487 1051 544 1094 aaa
566 1053 667 1096 saxum
687 1045 737 1098 art
757 1035 880 1098 vulturis
901 1040 955 1100 atri

118 1117 233 1192 Poena,
256 1117 309 1199 sed
327 1116 447 1178 inferuis
468 1117 579 1179 bilarss
599 1121 664 1180 siae
685 1118 807 1197 regibus
827 1121 957 1185 umbrae.

118 1198 293 1279 Improbitas
313 1199 365 1260 illu
386 1200 439 1260 iuit
457 1201 634 1264 admirabilis
656 1220 743 1280 aevu,

8 1333 9 1356 2
119 1281 288 1345 Credebant
310 1301 368 1362 quo
388 1285 501 1362 grande
523 1286 607 1348 ueias
628 1297 659 1348 et
679 1296 773 1348 morta
795 1291 940 1368 piandum,

8 1405 9 1452 1
119 1368 150 1428 Si
172 1368 284 1428 iuveris
304 1368 403 1429 vetulo
424 1385 483 1428 noa
505 1381 709 1432 assurrexerat
730 1381 761 1432 et
782 1375 807 1433 si

8 1457 9 1468 ¹
118 1450 244 1514 barbato
267 1453 438 1532 cuicumque
458 1471 547 1533 puer,
570 1454 641 1516 lieet
662 1457 727 1534 ipse
748 1456 864 1518 videret

118 1535 205 1595 Plura
228 1535 304 1596 domi
325 1536 410 1614 fraga
433 1546 463 1599 et
480 1539 607 1600 maiores
628 1540 745 1618 glandia
767 1557 903 1604 aeervus.

118 1617 189 1680 Tam
207 1619 380 1682 venerabile
403 1631 467 1682 erat
489 1623 674 1702 praesedere
693 1633 829 1703 quattuor
850 1628 943 1703 aruis,

118 1701 270 1781 Primaque
293 1721 346 1783 par
366 1704 442 1766 adeo
465 1723 568 1766 saurae
588 1706 696 1783 lanugo
718 1710 874 1770 senectae!

8 1827 9 1860 r
117 1784 217 1861 Nune,
239 1787 265 1846 si
288 1787 452 1865 depositum
471 1805 529 1848 aar
553 1789 690 1850 initietur
713 1791 832 1867 amicus,

119 1861 151 1929 Si
173 1869 278 1931 reddat
298 1879 431 1931 vaterem
452 1889 516 1932 uum
537 1880 598 1934 tata
620 1874 760 1950 aerugine
782 1873 895 1952 fallam,

117 1953 290 2031 Prodigiosa
311 1953 386 2016 tides
409 1963 439 2014 et
463 1953 568 2016 Tussis
587 1955 676 2033 digna
699 1955 818 2034 libellis,

119 2035 260 2116 Quaeque
281 2047 422 2099 coronata
444 2037 560 2099 lustrari
582 2039 689 2100 debeat
710 2057 794 2117 agua.

117 2119 276 2199 Egregium
295 2130 484 2200 suadumque
506 2124 599 2183 virum
622 2125 646 2183 si
667 2142 777 2200 ueras,
800 2125 951 2187 bimembri

116 2203 182 2265 Hae
202 2214 360 2267 monstrum
382 2223 476 2285 puero
495 2206 545 2267 vel
564 2207 702 2270 mirandis
724 2208 777 2269 sub
796 2219 892 2272 aratra

117 2287 251 2349 Piscibus
268 2289 394 2350 inventis
411 2299 441 2350 et
458 2291 538 2352 istae
560 2307 699 2371 rumpere
721 2292 829 2371 mulas,

117 2370 286 2449 Sollicitus,
309 2381 454 2452 tamquam
474 2374 589 2454 bapidss
610 2376 745 2438 effuderit
762 2377 856 2439 imber

116 2455 308 2535 Erameuque
330 2458 426 2536 apium
448 2456 538 2536 longa
561 2458 729 2520 comederit
750 2479 806 2522 uva

118 2537 250 2600 Crimine
272 2539 402 2617 delubri,
425 2550 569 2621 tamquam
590 2543 620 2601 in
640 2561 720 2606 mare
740 2544 859 2606 duxerit
881 2544 970 2606 amuis

117 2621 284 2700 Gurgitibus
306 2625 387 2686 miris
410 2633 440 2685 et
460 2625 546 2686 lautis
568 2627 682 2686 vertiee
704 2637 829 2690 torreas.

159 2706 275 2768 laterae
298 2717 327 2769 ta
348 2709 454 2770 deusta
474 2711 610 2789 quereris
628 2713 765 2774 sestertia
778 2712 881 2774 fraude

116 2726 296 2869 Sacrilegad
315 2793 383 2870 quid
404 2794 429 2852 si
451 2793 497 2854 bis
522 2804 638 2856 eentum
661 2797 787 2875 perdidit
808 2797 883 2858 altar

115 2873 181 2934 Hos
203 2892 309 2937 areana
330 2873 439 2938 modo?
459 2879 600 2940 maiorem
621 2881 723 2942 tertius
743 2880 795 2942 illa

117 2959 278 3034 summan,
301 2977 386 3039 quam
406 2961 523 3040 patulae
542 2965 593 3024 rix
614 2973 737 3042 reparat
756 2962 878 3040 angulus
900 2957 1011 3024 areae?

116 3041 188 3102 'iam
209 3041 298 3103 facile
321 3051 350 3103 et
369 3061 493 3123 pronum
514 3055 560 3106 est
583 3063 708 3126 superus
730 3055 920 3108 comtemnere
942 3052 1047 3122 testes,
1076 3049 1110 3108 75

116 3127 149 3186 Si
168 3125 300 3188 mortalis
317 3127 393 3188 idam
417 3146 504 3190 nemo
525 3129 612 3190 reiut!
636 3129 765 3208 Aspida,
789 3139 893 3210 quanta

10 3285 11 3298 χ
114 3208 200 3269 Voee
220 3219 328 3288 neget,
350 3229 424 3291 quae
447 3213 484 3272 sit
506 3213 566 3274 deti
587 3214 749 3276 constantia
769 3213 883 3276 vultus:

115 3292 174 3352 Per
195 3292 274 3353 Solis
296 3293 395 3356 radios
418 3294 604 3376 Tarpeiaque
627 3296 744 3358 fulmina
759 3300 834 3359 iurat

114 3372 154 3436 Et
173 3375 275 3438 blartis
296 3377 435 3440 iramaam
458 3389 488 3440 et
507 3378 639 3442 Cirrhaei
661 3380 773 3460 spicula
794 3383 888 3458 vatis,

115 3454 173 3521 Per
196 3459 323 3522 oriamur
343 3464 502 3526 venatricis
523 3465 747 3543 pharetramque
770 3463 899 3544 puellae,
1073 3473 1109 3523 atu
