2590 3946
208 235 249 297 76
555 244 591 291 D.
610 242 683 294 lUbl.
703 244 889 294 IUVENALIS

207 384 342 464 Hospes,
367 394 396 445 et
418 385 483 462 ipse
504 391 599 443 tamen
621 382 792 460 contingens
813 385 952 461 sanguine
977 387 1107 450 coelum:

208 467 293 528 Alter
315 468 413 546 aquis,
439 465 514 527 alter
536 465 655 528 dammis
678 466 715 528 ad
737 467 834 528 sidera
856 469 969 528 missus.

207 550 332 613 Fercula
355 569 430 610 nune
456 549 522 610 audi
545 549 631 610 nullis
656 559 756 611 ornata
776 551 919 611 macellis.

207 634 253 695 De
277 632 427 695 Tiburtino
450 634 549 692 veniet
570 634 774 711 pinguissimus
797 650 870 710 agro
917 691 922 695 ,

208 717 354 778 Haedulus
377 726 407 777 et
429 725 490 776 toto
515 733 610 794 grege
631 716 765 792 mollior,
788 717 896 778 inscius
918 718 1039 795 herbae,

206 800 338 861 Necdum
358 818 444 861 ausus
466 801 564 877 virgas
586 799 699 861 humilis
723 799 858 860 mordere
879 801 985 878 salicti,

208 884 264 958 Qui
285 884 351 963 plus
375 883 459 944 lactis
484 882 573 944 babet
595 901 680 962 quam
703 884 865 960 sauguinis,
892 893 922 944 et
942 888 1066 948 montani

208 968 369 1046 Asparagi,
393 968 489 1046 posito
514 982 589 1043 quos
615 967 688 1043 legit
721 967 807 1028 vilica
832 969 914 1035 iuso;

208 1050 333 1112 Grandia
359 1058 514 1128 praeterea
537 1059 675 1129 tortoque
699 1050 823 1112 calentia
845 1050 934 1111 ioeno

207 1133 269 1196 Ova
288 1132 396 1194 adsunt
420 1134 491 1212 ipsis
515 1151 578 1194 cum
602 1134 756 1209 matribus,
783 1143 812 1194 et
834 1143 968 1195 servatae

207 1218 293 1278 Parte
320 1219 401 1292 anni,
425 1216 528 1297 quales
553 1215 666 1278 fuerant
690 1219 718 1276 iu
742 1216 867 1294 vitibus,
889 1236 973 1292 urae,

207 1301 355 1378 Signinum
380 1301 552 1379 Syriumque
573 1300 683 1378 pirum,
706 1299 743 1361 de
767 1300 905 1362 corbibus
927 1301 1018 1361 isdem

207 1383 330 1444 Aemula
355 1384 468 1444 Picenis
495 1391 526 1442 et
548 1383 647 1444 odoris
671 1383 745 1445 mala
768 1385 907 1460 recentis,

206 1465 270 1526 Nec
289 1467 441 1527 metuenda
463 1466 531 1542 tibi,
556 1467 695 1527 siccatum
717 1466 828 1545 frigore
850 1476 1004 1547 postquam

207 1551 378 1611 Autumnum
404 1558 434 1609 et
456 1549 537 1609 erudi
559 1565 686 1628 posuere
711 1550 843 1630 pericula
867 1553 957 1610 succi.

207 1632 287 1694 llaec
312 1633 380 1694 olim
402 1633 494 1693 nostri
515 1635 571 1693 iam
592 1633 741 1696 luxuriosa
763 1643 881 1696 senatus

199 1715 308 1796 „Coena
332 1717 399 1777 luit:
422 1714 543 1793 Curius,
569 1734 659 1796 parvo
684 1736 759 1798 quae
781 1718 896 1796 legerat
920 1717 1017 1794 horto,

206 1799 275 1878 lpse
300 1800 375 1861 locis
397 1799 535 1860 brevibus
559 1801 688 1880 ponebat
709 1801 857 1877 oluscula,
883 1818 957 1879 qnae
977 1819 1052 1863 nunc

206 1883 360 1962 Squalidus
385 1885 414 1944 in
440 1901 542 1961 magna
562 1885 670 1946 iastidit
692 1884 834 1964 compede
856 1884 966 1960 iossor,

207 1966 263 2040 Qui
286 1969 431 2044 meminit,
457 1968 569 2030 calidae
590 1969 685 2047 sapiat
706 1969 774 2048 quid
795 1968 880 2028 vulva
901 1968 1037 2046 popinae.

206 2051 284 2110 Sicci
311 2060 396 2129 terga
421 2054 497 2127 suis,
521 2069 588 2113 rara
609 2052 765 2131 pendentia
791 2061 881 2126 crate,

205 2132 294 2200 lieris
322 2143 385 2195 erat
410 2135 552 2212 quondam
580 2135 665 2197 iestis
686 2153 807 2196 serrare
829 2134 933 2194 diebus

205 2215 243 2276 Et
268 2217 434 2278 natalicium
456 2221 586 2297 cognatis
610 2237 721 2298 ponere
745 2218 866 2294 lardum,

207 2301 379 2363 decedente
403 2298 495 2378 nova,
518 2302 543 2362 si
566 2319 650 2381 qnam
673 2300 760 2362 dabat
782 2301 893 2377 hostia,
920 2318 1017 2361 carne.

206 2381 403 2463 Cognatorum
428 2385 533 2465 aliquis
556 2385 638 2446 titulo
662 2395 709 2446 ter
734 2385 863 2446 consulis
886 2393 972 2463 atque

207 2464 373 2528 Castrorum
399 2470 529 2548 imperiis
552 2477 582 2530 et
602 2471 753 2531 dictatoris
776 2469 890 2529 bonore

204 2549 332 2612 Functus
356 2551 392 2612 ud
415 2553 468 2613 has
494 2551 596 2632 epulas
616 2553 703 2614 solito
726 2555 862 2615 maturius
885 2552 954 2628 ibat,

205 2632 344 2695 Freetnm
361 2635 470 2696 domito
493 2637 628 2697 referens
650 2655 667 2696 a
687 2646 786 2697 moute
803 2637 941 2714 ligonem.

206 2716 300 2791 Quum
320 2729 478 2779 tremerent
498 2726 593 2781 autem
613 2717 722 2779 Fabios
745 2720 903 2797 durumque
926 2714 1066 2776 Catonem

205 2799 244 2861 lit
264 2803 392 2863 Scauros
414 2811 445 2861 et
464 2800 633 2876 Fabricios,
653 2811 801 2880 postremo
823 2817 947 2860 severos

207 2881 347 2945 Censoris
365 2901 463 2946 mores
485 2884 572 2943 etiam
589 2883 706 2961 collega
728 2885 853 2960 timeret,

206 2966 300 3028 Nemo
319 2969 394 3028 inter
415 2983 498 3026 curas
521 2975 551 3026 et
572 2969 650 3027 seria
672 2967 752 3029 duxit
769 2966 943 3043 habendum,

207 3050 309 3124 Qualis
329 3052 358 3109 in
379 3048 499 3110 Oceano
519 3049 606 3111 dueta
626 3051 742 3112 testudo
762 3061 884 3128 nataret,

208 3130 325 3194 Glarum
350 3132 524 3210 Troiugenis
543 3133 653 3198 lactura
681 3145 711 3194 et
734 3135 833 3196 nobile
858 3135 998 3207 iulerum;

208 3216 267 3277 Sed
288 3216 365 3278 nudo
387 3217 480 3278 latere
503 3228 532 3279 et
553 3221 652 3298 parvis
675 3219 755 3279 bens
776 3237 862 3280 aerea
884 3219 971 3279 lectis

207 3298 274 3360 Vile
296 3302 427 3362 coronati
449 3311 536 3382 caput
554 3302 728 3365 ostendebat
749 3302 844 3379 aselli,

207 3383 255 3444 Ad
279 3385 357 3463 quod
378 3385 479 3446 lascivi
502 3386 639 3447 ludebant
663 3388 738 3446 ruris
760 3387 874 3448 alumni.

209 3465 297 3528 'iales
322 3486 394 3548 ergo
421 3468 495 3548 cibi,
519 3469 612 3549 qualis
634 3469 735 3532 domus
758 3478 845 3551 atque
866 3471 1011 3550 supellex.
