2590 3946
187 237 228 300 48
515 250 549 294 1).
568 248 638 296 IUN-
655 248 841 298 tuvurtsuss

186 386 243 460 Qui
265 385 348 445 locus
369 385 503 462 ingenio,
526 385 580 443 nisi
603 403 689 463 quum
711 402 744 446 se
765 387 890 448 carmine
911 388 978 450 solo

185 470 301 529 Vexent
323 477 353 528 et
374 467 495 529 dominis
519 464 641 529 Cirrhae
661 468 819 548 Nysaeque
841 470 973 532 feruutur

170 552 309 612 -Psetora
331 560 447 627 vestra,
472 551 542 612 duas
563 567 620 611 non
644 552 820 613 admittentia
842 551 950 614 curati
1141 568 1177 622 65

184 634 309 712 Magnae
329 635 433 696 mentis
454 651 528 714 opus
549 653 605 694 nec
627 634 663 694 de
686 634 783 695 lodice
805 636 932 715 paranda

185 719 350 795 Attonitae,
373 736 475 780 currus
497 727 526 778 et
548 735 640 797 equos
661 717 812 799 faciesque
833 720 954 781 deorum

184 802 330 881 Aspicere
366 811 395 863 et
417 802 510 881 qualis
532 800 666 862 Rutulum
688 803 844 864 confundat
865 803 982 879 Erinys.

182 884 257 946 Nam
280 887 305 944 si
325 884 457 963 Vergilio
479 903 551 963 puer
573 892 602 945 et
619 884 775 945 tolerabile
797 887 919 948 deesset

183 968 361 1048 Hospitium,
385 969 524 1030 caderent
547 985 648 1029 omnes
669 987 687 1028 s
712 969 837 1030 crinibus
860 970 958 1046 hydri3
1141 985 1177 1040 70
1290 989 1291 994 κ

183 1053 277 1113 Surda
299 1051 374 1112 nihil
391 1061 524 1130 gemeret
541 1069 632 1130 grave
652 1051 789 1122 buccinam
813 1055 979 1132 poscimus,
1003 1063 1032 1114 ut
1054 1058 1091 1116 sit

102 1167 109 1176 ,
183 1136 250 1197 Non
271 1137 364 1195 minor
385 1137 501 1214 antiquo
523 1135 676 1197 Rubrenus
697 1134 798 1215 Lappa
822 1136 974 1214 cothumo‚

184 1217 274 1282 Gaius
296 1228 325 1278 et
347 1218 482 1280 alveolos
506 1229 536 1280 et
557 1220 669 1280 laenam
690 1220 823 1297 pignerat
845 1219 976 1282 Atreus?

183 1303 249 1363 Non
271 1302 360 1363 habet
382 1303 484 1364 infelix
504 1302 653 1378 Numitor,
677 1304 756 1381 quod
778 1305 870 1366 mittat
892 1307 1003 1366 amico:

183 1384 343 1460 Quintillae
357 1386 441 1463 quod
462 1385 567 1461 donet,
591 1385 695 1452 habet:
718 1405 775 1448 nec
797 1388 888 1448 deluit
906 1388 959 1466 illi,
1142 1399 1177 1456 tt

183 1469 267 1532 Unde
290 1478 402 1528 emeret
419 1468 507 1531 multa
530 1469 708 1549 pascendum
730 1489 818 1532 carne
839 1471 956 1533 leonem

182 1552 242 1615 lum
264 1552 418 1612 domitum:
439 1561 554 1614 constat
573 1553 678 1614 leviori
700 1553 798 1615 bellua
822 1565 936 1635 sumptu

182 1636 336 1713 Nimirum,
360 1645 390 1696 et
410 1637 526 1715 capiunt
545 1637 611 1715 plus
631 1638 766 1699 intestina
788 1647 906 1718 poetae.

184 1719 344 1781 Contentus
367 1719 442 1779 iama
464 1721 560 1781 iaceat
581 1717 713 1782 Lucanus
735 1724 763 1782 in
784 1723 877 1784 bortis

183 1803 371 1864 blarmoreis:
396 1812 425 1864 at
444 1803 571 1864 Serrano
592 1807 729 1884 tenuique
750 1807 850 1868 Saleio
1142 1819 1179 1873 8⁰

185 1885 284 1948 Gloria
306 1886 486 1968 quantalibet
507 1889 576 1968 quid
594 1890 665 1966 erit,
688 1891 714 1950 si
736 1889 832 1968 gloria
855 1899 962 1952 tantum
983 1890 1049 1952 esti

185 1969 315 2032 curritur
336 1971 372 2032 ad
391 1979 495 2033 vocem
517 1973 669 2034 iucundam
692 1983 721 2034 et
743 1991 859 2035 carmen
881 1976 992 2036 amicae

185 2054 371 2131 Thebaidos,
394 2054 498 2138 laetam
519 2072 606 2137 quum
627 2057 698 2116 fecit
720 2058 827 2118 Statius
849 2057 951 2119 urbem

183 2137 378 2218 Promisitque
398 2131 486 2200 dieni:
510 2148 587 2201 tanta
610 2141 765 2202 dulcedine
787 2151 890 2220 captos

183 2221 286 2282 Allicit
307 2221 358 2282 ille
380 2224 507 2299 animos,
530 2233 665 2304 tantaque
687 2224 807 2285 libidine
828 2224 908 2302 vulgi
1140 2237 1175 2292 85

185 2304 321 2374 Auditum
345 2306 398 2366 sed
420 2324 507 2386 quum
529 2307 618 2385 iregit
638 2307 779 2368 subsellia
800 2326 898 2384 versu,

185 2387 301 2465 llsurit,
324 2389 459 2452 intactam
480 2390 574 2452 Paridi
595 2393 650 2453 uisi
671 2391 769 2453 vendit
790 2392 923 2471 Agaven.

184 2467 239 2534 lll'e
262 2481 292 2532 et
310 2473 428 2534 militiae
449 2474 546 2535 multis
567 2475 688 2553 largitus
708 2476 850 2538 honorem

186 2553 347 2616 Semenstri
369 2557 477 2635 digitos
499 2567 596 2620 vatum
620 2560 801 2640 circumligat
824 2579 905 2622 auro.
950 2595 953 2600 ·

185 2639 273 2713 Quod
294 2657 352 2701 non
373 2641 442 2702 dant
462 2659 623 2720 proceres,
644 2643 723 2705 dabit
743 2644 862 2706 histrio:
883 2652 913 2703 tu
933 2640 1102 2705 Camerinos
1141 2654 1177 2710 9⁰

185 2722 223 2784 Et
243 2723 381 2802 Baream,
404 2734 433 2784 tu
453 2724 592 2786 nobilium
613 2743 716 2803 magna
737 2728 809 2786 atria
832 2724 939 2786 ouras?

185 2806 355 2869 Praefectos
376 2808 505 2886 Pelopea
527 2808 612 2883 iacit,
636 2807 797 2868 Philomela
818 2808 958 2869 tribunos.

185 2891 267 2951 Haud
289 2900 384 2951 tamen
406 2891 537 2951 invideas
558 2893 634 2968 vati,
656 2909 741 2970 quiem
764 2891 873 2970 pulpita
896 2900 1027 2969 pascunt.

185 2973 259 3047 Quis
280 2975 331 3034 tibi
345 2973 517 3049 Maecenas,
538 2975 601 3053 quis
626 2993 701 3036 nuno
724 2977 779 3035 erit
795 2985 843 3036 ant
864 2975 1036 3036 Proculeius

186 3057 245 3118 Aut
265 3055 391 3118 Fabius?
414 3058 477 3137 quis
500 3054 726 3136 (lutmiorum,
750 3060 814 3139 quis
834 3059 972 3120 lentulus
992 3058 1088 3122 alteri
1140 3072 1175 3127 95

187 3140 267 3202 Tunc
286 3157 339 3219 par
361 3141 478 3217 ingenio
501 3145 637 3221 pretium;
661 3153 730 3204 tuno
753 3145 822 3205 utile
844 3143 939 3205 multis

186 3223 302 3285 Pallere
324 3231 354 3284 et
374 3225 470 3285 tinum
489 3235 551 3288 toto
573 3230 688 3289 nescire
710 3227 877 3290 Decembri.

226 3305 334 3367 Vester
353 3323 443 3386 porro
464 3309 548 3371 labor
569 3311 738 3388 fecundior,
758 3312 941 3376 historiarum

185 3389 377 3470 Scriptores?
398 3395 470 3473 petit
491 3394 538 3456 bio
560 3395 625 3474 plus
647 3398 788 3474 temporis
809 3405 894 3476 atque
916 3398 976 3459 olei
998 3397 1079 3478 pluer

184 3473 272 3537 Nullo
292 3478 401 3557 quippe
422 3480 508 3541 modo
530 3479 682 3540 millesima
703 3482 807 3560 pagina
829 3483 921 3560 surgit
1123 3492 1176 3544 100
