2582 3950
201 197 264 248 xvi
584 191 793 244 manuario.

197 353 369 414 quemcunque
383 337 491 396 nobilem
509 337 614 394 columis
630 339 755 395 revolvens
770 338 801 394 ad
810 338 970 394 tumentem
986 348 1143 410 persenunus
1154 344 1188 400 sis

199 424 432 492 (enee—tit).
465 419 539 478 Nouo
556 419 629 478 satim
643 422 669 476 in
686 421 801 492 colloquii
819 422 923 478 sormam
941 422 1058 493 modia
1075 433 1126 492 est,
1146 427 1187 483 ubi

200 507 321 564 Naevoius
339 505 476 561 alnvenaie
494 511 593 576 propter
603 505 726 560 iristitiam
745 510 771 560 et
783 503 921 576 squalorem
936 505 1103 578 interpellatus
1120 508 1158 576 (u.
1171 517 1185 566 ,1

201 619 239 632 -
250 593 299 660 18)
310 591 335 645 in
345 589 447 646 divitum
459 587 614 644 cimedorum
624 588 746 643 meridiam
757 586 884 655 inventu,
896 588 937 660 qni
946 589 1041 647 msere
1051 593 1186 658 edundis,
1268 631 1269 652 ι

198 689 264 747 quos
278 674 308 730 ae
325 673 456 729 nmium
465 673 600 743 osupum
612 670 742 741 cepenam
753 671 927 740 minemo,
944 675 1124 732 noscemm
1134 678 1188 748 qm-
1267 663 1269 732 3

199 759 255 815 dena
266 756 373 814 debitam
382 757 476 813 soluere
486 756 618 828 dignentur
629 755 667 822 (v.
680 756 716 814 ²7
723 780 761 796 -
769 757 849 825 lui).
861 761 933 826 poete
943 771 1000 813 vero
1010 759 1117 814 vicissim
1127 760 1187 816 isto-

199 857 254 898 mm
265 842 391 897 hominm
406 839 580 910 turpitudinem
592 846 665 911 atque
676 839 850 909 impudentiam
861 840 980 912 castigat,
997 843 1039 914 qui
1048 843 1104 900 tadu
1114 857 1187 915 quao-

198 933 251 982 stus
269 925 392 981 iniamiam
410 924 475 978 sicca
492 923 573 978 ironte
596 921 754 993 predicentur
769 922 806 989 (a.
824 925 1010 995 roe-lton
1028 940 1090 998 quae
1105 933 1186 982 mmm

200 1009 348 1065 omniaiicet
354 1005 1138 1079 eandemadindignaiionerndiriganmr,qmmoeteraeipvmaiis
1148 1027 1187 1066 sa.

202 1094 264 1148 tinae
270 1092 371 1164 spirant,
378 1089 511 1146 haecveint
521 1089 761 1164 contagionoiniscta
767 1091 1065 1163 argumentisordestmta
1072 1094 1187 1150 oruioms

201 1175 353 1232 obscenitate
370 1181 456 1246 aequat
465 1173 642 1247 verbumque
657 1174 790 1230 nuditatem
800 1181 851 1230 mm
866 1174 981 1232 amulius
996 1177 1054 1232 artis
1064 1177 1187 1234 colonilem

198 1259 276 1324 velat,
295 1263 324 1312 nt
335 1257 508 1314 occupatiorem
517 1257 692 1315 enarrationem
701 1272 751 1312 non
760 1257 838 1328 pudor
847 1257 928 1331 tnagis
938 1273 1010 1330 quam
1019 1260 1071 1330 ipsa
1081 1275 1186 1317 oecono-

202 1343 265 1397 miae
274 1341 368 1397 ruditas
377 1341 499 1398 excludat.

285 1424 364 1480 licito
380 1431 406 1480 et
422 1425 515 1498 gratior
533 1435 559 1479 et
577 1423 672 1481 doctior
686 1424 769 1498 panso·
784 1424 840 1481 libri
853 1426 1027 1492 merlinum,
1040 1425 1082 1482 ulii
1093 1427 1185 1483 moiun
1268 1475 1269 1480 ,

198 1509 273 1564 soem
283 1508 434 1564 decantatam
445 1506 469 1563 in
480 1506 678 1579 philosophomm
687 1507 755 1564 libris
765 1515 878 1564 mmmm
888 1508 1048 1566 nummorum
1054 1511 1184 1567 nectutem

200 1591 1184 1667 longaexempiommseriaitaiiimtrat‚uieasdemres,qnaeuulgobonor1mn
1268 1641 1269 1646 ,

199 1690 295 1732 summa
305 1675 451 1740 habeantur,
469 1676 586 1747 ancipites
600 1675 705 1748 ipsisque
722 1676 862 1746 optantibus
877 1677 1184 1748 pmnioicaeemsedoceat
1268 1737 1269 1744 q

200 1760 386 1829 (v.1·-11);
403 1758 863 1832 qnodpcstqnamprimnmdivitiarum
880 1768 1024 1834 argnmemc
1034 1761 1182 1818 adumbrarit
1268 1793 1269 1796 =

200 1843 237 1909 (v.
248 1845 403 1913 1247),
422 1843 513 1914 priscas
522 1841 655 1899 Democriti
670 1849 696 1898 et
706 1842 818 1900 Heracliti
829 1845 983 1900 auctoritates
999 1851 1087 1900 imam
1097 1844 1134 1911 (r.
1146 1850 1182 1903 88

203 1930 296 1997 -55)
315 1926 420 1998 quinque
437 1927 541 1982 manime
551 1934 663 1983 uotorum
674 1941 778 1998 genera,
793 1943 841 2000 qno
855 1928 926 1984 altius
937 1934 1077 2000 assurgant,
1089 1942 1118 1982 eo
1130 1943 1181 1982 ma-

200 2012 250 2066 iora
264 2009 375 2066 fortunae
386 2009 486 2066 iudilria
497 2011 636 2081 permittere
646 2011 809 2079 demonstrat,
820 2011 952 2082 potentiam
964 2012 999 2079 (v.
1012 2015 1178 2080 se-nle).

199 2093 361 2166 eloquentiam
373 2093 410 2160 (v.
423 2097 609 2165 ill—132).
620 2093 677 2150 beili
688 2094 792 2166 gloriam
803 2094 840 2161 (v.
851 2099 949 2155 138-
958 2097 1031 2164 187).
1043 2095 1117 2149 vitam
1127 2094 1180 2149 lon·

200 2191 258 2248 gam
270 2176 306 2243 (v.
319 2181 371 2236 188
379 2204 415 2216 -
424 2180 498 2248 188),
511 2178 713 2249 pulchritudinem
723 2177 761 2243 (v.
774 2180 826 2236 188
834 2204 870 2218 -·
880 2179 960 2246 elem
978 2177 1081 2248 denique
1090 2177 1112 2232 si
1121 2177 1179 2247 quid

199 2261 291 2316 homini
308 2260 440 2332 optandum
457 2275 510 2316 esec
520 2262 641 2328 videatur,
657 2261 734 2316 eclam
742 2260 894 2330 prudentiam
904 2260 1028 2331 relinquit,
1045 2275 1117 2332 qnam
1127 2260 1179 2330 ipse

198 2344 245 2400 sibi
256 2344 399 2414 darepcssit
410 2345 445 2412 (v.
457 2348 626 2414 etc-eet).
647 2342 790 2400 Unum
799 2343 1084 2416 quoquesuiraetmcr,
1095 2358 1178 2416 qnam

199 2427 236 2482 tis
249 2428 348 2499 propina
359 2428 389 2484 ad
403 2430 477 2484 dmm
488 2428 649 2500 qnotidianam
660 2426 770 2492 accedat,
783 2441 813 2482 eo
824 2433 905 2482 tamen
914 2441 928 2483 a
938 2426 1102 2498 superioribus
1111 2427 1178 2482 itioris

201 2511 369 2584 distinguitur,
387 2512 451 2584 qnod
462 2526 518 2567 oum
528 2511 598 2568 solita
608 2523 773 2580 perversorum
784 2510 918 2566 studiomm
929 2511 1038 2566 irrisione
1050 2509 1178 2566 iucundam
1267 2525 1268 2588 3

198 2605 272 2650 sanae
280 2609 310 2650 ac
319 2594 414 2652 sobriae
422 2595 486 2652 uitae
496 2594 628 2666 imaginem
640 2593 767 2664 coniungit
780 2593 938 2664 Persicoque,
950 2609 1022 2665 quem
1034 2593 1179 2664 Megalesio-

200 2693 254 2733 rum
266 2679 305 2734 die
315 2679 376 2734 iusto
387 2678 417 2735 ad
430 2678 544 2734 rusticam
555 2689 655 2733 coenam
665 2676 760 2742 invitat,
777 2676 940 2746 postireuem
950 2676 1132 2746 intempestivae
1141 2675 1179 2736 iu·
1267 2697 1268 2706 ¹

201 2763 283 2817 xnriae
293 2763 502 2832 reprehensionem
513 2760 549 2827 (e.
562 2767 624 2819 1—
632 2760 681 2828 55)
692 2759 811 2831 ingenuae
821 2759 966 2832 lieigditatis
976 2759 1114 2831 exemplum
1123 2774 1179 2831 pro·

201 2847 281 2914 ponit,
299 2861 347 2917 quo
363 2860 419 2901 cnm
437 2851 551 2914 perpetua
574 2843 725 2914 antiquonum
749 2858 844 2900 morum
867 2845 1045 2914 comparatione
1059 2843 1179 2913 descripto

200 2930 238 2995 (v.
250 2933 329 2989 5⁶-
340 2931 405 2998 161)
422 2927 468 2982 sub
478 2927 550 2982 linem
561 2927 659 2982 demum
676 2927 706 2981 ad
721 2928 856 2998 voluptates
874 2927 1009 3000 aequalium
1029 2927 1067 2994 (u.
1080 2930 1177 2986 162-

203 3009 268 3082 iiiii)
277 3025 398 3083 vanasque
407 3024 477 3066 curas
487 3009 562 3076 redit.
574 3025 634 3082 quas
644 3011 749 3066 amicum
759 3012 822 3082 apud
831 3026 858 3067 se
868 3011 988 3082 deponere
999 3011 1065 3066 iulet
1080 3011 1116 3078 (v.
1129 3013 1179 3069 181

204 3099 330 3166 -108);
347 3093 480 3165 similisque
496 3093 646 3150 duodecim
663 3094 769 3151 conditio
781 3102 830 3159 cst,
849 3096 918 3152 cuius
928 3111 1003 3168 quum
1013 3093 1116 3165 plurima
1126 3107 1181 3162 pars

203 3180 227 3233 in
237 3178 387 3248 tempestatis
398 3178 503 3234 marinae
513 3178 674 3249 descriptione
688 3188 806 3244 versetur,
825 3178 889 3237 unde
900 3179 1021 3236 iannilmris
1038 3183 1125 3249 poetae
1135 3175 1181 3231 Ga·

202 3259 277 3316 tulim
287 3261 328 3316 vin
338 3275 422 3332 sospes
432 3261 528 3319 redierit
538 3263 576 3329 (v,
589 3267 622 3322 15
631 3291 667 3303 ·-
675 3265 732 3334 81),
743 3264 830 3321 satirae
840 3263 933 3320 indoles
943 3263 967 3318 in
978 3262 1008 3318 ile
1018 3267 1112 3318 tantum
1121 3259 1182 3315 iocis
1266 3331 1267 3336 η

201 3343 322 3412 cernitur,
340 3345 382 3401 nbi
395 3345 513 3404 iuvenalis
528 3348 686 3404 voluntariam
697 3349 768 3404 amici
778 3349 895 3404 iacturam
906 3347 1007 3402 aliomm
1017 3344 1129 3402 avaritiae
1138 3358 1182 3413 cp·

203 3424 271 3496 ii⁰¹¹it
287 3426 324 3494 (i.
337 3431 370 3490 st
381 3435 489 3502 -56).
508 3440 533 3489 et
548 3431 590 3489 nbi
605 3449 676 3488 sunm
692 3431 849 3498 sacrificinm
867 3446 915 3504 quo
930 3429 994 3486 illins
1004 3429 1108 3484 reditum
1120 3427 1182 3482 cele·
1266 3507 1267 3510 Ἴ

204 3508 274 3566 trare
289 3518 358 3584 parat
374 3515 410 3584 (v.
425 3520 438 3574 1
452 3521 560 3588 -14),
578 3517 608 3574 ab
627 3517 758 3574 ambitiosis
775 3521 925 3589 captaturum
941 3513 1032 3570 nomm
1052 3511 1183 3583 seiungens
