2590 3946
498 230 623 298 sauma
644 252 721 300 x111.
1069 239 1110 302 89

126 387 289 450 Occultum‘
302 387 449 466 quatiente
472 389 566 448 annno
589 397 701 450 tortore
724 389 894 467 flagellum?
1059 403 1110 458 195

125 474 223 534 Poena
244 480 340 532 autam
361 470 520 532 vehemens
541 489 576 533 ac
602 473 692 534 multo
715 475 832 536 saevior
855 473 926 550 illis,

125 555 206 631 Quas
229 564 257 616 et
278 548 431 616 Caedicius
454 556 552 634 grania
578 556 686 618 invenit
708 564 738 616 ct
757 556 999 635 Rhadamanthus,

124 640 220 700 Nocte
245 639 351 719 dicque
371 655 455 700 tunna
473 647 594 716 gestam
614 642 642 700 in
662 649 785 719 pectore
806 650 921 702 tentem.

127 724 271 803 Spartano
294 723 407 784 cuidem
430 722 584 802 respondit
603 723 704 799 Pythia
725 733 819 802 natea,

125 807 207 868 Haud
229 807 395 887 impunitum
417 805 659 886 conmunione,
683 808 761 886 quod
782 808 927 870 dubitarat
1058 821 1110 874 too

124 890 298 970 Depositum
320 891 448 952 retinere
471 899 501 950 ct
522 891 653 952 standena
673 893 737 952 iure
761 894 836 953 tueri

124 975 263 1045 iurandm
284 973 445 1054 quaerebat
468 975 559 1050 enim,
582 993 658 1054 quae
679 976 801 1035 nominis
823 984 904 1037 esaei

124 1057 226 1134 liene,
251 1066 280 1118 et
301 1076 337 1119 au
356 1057 414 1118 hoc
434 1057 478 1119 illi
501 1058 613 1119 iaciunt
635 1059 771 1120 suaderet
791 1057 925 1138 Apollo?

124 1140 261 1202 Reddidit
285 1159 356 1220 crgo
378 1150 472 1217 metu,
499 1157 558 1202 non
580 1141 720 1212 morinum
744 1151 775 1203 et
795 1152 891 1204 tanen
912 1159 1025 1204 omnem

123 1225 237 1286 Vocem
258 1225 337 1301 adyti
360 1225 474 1302 dignam
493 1226 605 1305 templo
627 1243 785 1305 veramque
807 1226 952 1307 probavit,
1057 1239 1109 1293 aot

123 1308 292 1370 Exstinotue
316 1316 376 1370 tota
399 1311 509 1389 pariter
526 1327 590 1372 com
612 1309 697 1389 prole
719 1311 865 1390 domoque

12 1429 13 1440 κ
122 1391 162 1453 Et
185 1395 316 1471 quamvis
337 1392 426 1471 longa
448 1393 581 1455 deductis
605 1403 694 1472 gente
717 1395 898 1474 propinquis.

122 1475 182 1538 llas
201 1478 307 1555 patitur
331 1493 443 1556 poenas
465 1478 609 1557 peccandi
631 1477 697 1539 tola
719 1477 870 1547 noluntac3

12 1567 13 1628 ζ
122 1558 195 1620 Nam
218 1560 316 1621 scelus
339 1562 414 1621 intra
435 1579 470 1622 te
494 1562 611 1622 tacitum
633 1563 682 1640 qui
703 1563 813 1640 cogitat
835 1561 934 1638 ullum,

122 1643 205 1704 Facti
228 1646 336 1704 crimen
358 1643 462 1706 hahet:
490 1645 582 1720 cedo,
604 1645 630 1704 ci
653 1647 757 1706 conata
780 1645 910 1724 peregit!
1057 1657 1109 1710 tlo

121 1727 268 1805 Perpetua
286 1729 419 1788 anxiatae
440 1745 497 1788 nec
517 1745 636 1788 menuae
657 1736 790 1807 tempore
811 1738 919 1805 caecat,

121 1809 268 1870 Faucibus
290 1821 321 1870 ut
342 1810 444 1871 morbo
466 1811 554 1872 siccis
579 1813 711 1890 interque
734 1812 862 1873 molares

12 1921 13 1950 i
122 1893 243 1954 Difficili
265 1902 419 1955 arescente
441 1894 523 1963 oibo;
546 1894 646 1956 Setina
668 1894 798 1956 misellus

12 3243 16 3372 l

12 3407 14 3530 l

121 1976 262 2056 Exupuit‚
286 1978 394 2038 Albani
418 1979 526 2038 veteris
546 1979 677 2056 pretiosa
699 1987 837 2040 senectus

121 2060 281 2140 Displicet:
305 2061 443 2124 ostendas
465 2061 586 2139 melius,
608 2062 779 2124 densissima
799 2080 870 2140 roga
1056 2071 1108 2124 215

123 2141 246 2222 Cogitur
267 2145 457 2221 indometa,
480 2145 563 2205 velut
584 2148 644 2207 acri
667 2145 753 2206 ducta
774 2143 908 2208 Falerno.

121 2227 217 2288 Nocte
239 2228 360 2290 brevem
382 2231 406 2290 ei
428 2228 505 2290 tonte
526 2229 644 2290 indulsit
669 2245 738 2290 cuna
760 2245 899 2309 soporem

121 2309 159 2370 Et
183 2320 246 2371 toto
268 2321 385 2373 versata
406 2321 472 2373 toro
494 2314 550 2373 iam
573 2311 701 2374 membra
724 2314 886 2393 quiescunt,

124 2392 267 2455 Continuo
290 2395 428 2475 templum
449 2406 479 2457 et
499 2396 600 2458 violati
622 2397 742 2457 numinis
765 2413 829 2457 anae

122 2477 176 2554 Et,
205 2478 282 2557 qnod
305 2479 471 2559 praecipuis
496 2490 622 2542 mentem
642 2478 796 2541 sudoribus
815 2490 911 2558 urget,
1056 2491 1108 2544 220

122 2560 165 2622 'l'a
191 2561 272 2622 videt
294 2564 323 2623 in
345 2565 469 2632 aenaim
492 2573 541 2625 tna
562 2582 647 2625 taccu
670 2570 701 2622 et
723 2564 814 2624 maior
835 2565 930 2642 imago

121 2645 250 2706 Humana
272 2645 369 2707 turbat
389 2647 524 2726 pavidum
547 2649 685 2726 cogitque
706 2646 802 2706 lateri.
990 2637 996 2654 ‘

121 2727 157 2788 lli
180 2737 262 2805 aunt,
287 2731 337 2808 qui
358 2728 504 2808 trepidant
525 2741 554 2791 et
572 2730 609 2791 ad
631 2731 725 2791 omnia
745 2729 860 2809 fulgura
883 2730 1003 2810 pallent,

123 2811 217 2885 Quum
239 2820 335 2890 tonat,
361 2813 509 2874 exanimes
533 2816 626 2893 primo
649 2831 767 2894 quoque
785 2831 929 2875 murmure
952 2815 1045 2883 coeli;

121 2892 188 2955 Non
210 2897 293 2974 quasi
319 2897 454 2958 fortuitus
475 2914 531 2958 nec
552 2908 705 2959 ventorum
727 2897 825 2974 rabie,
851 2897 904 2958 ced
1056 2907 1108 2960 att

120 2976 214 3038 Iratus
237 2979 322 3040 cadat
343 2981 372 3040 in
395 2989 491 3042 terras
513 2991 543 3042 et
564 2982 672 3042 iudicet
695 2982 780 3058 ignis.

121 3060 174 3120 llla
196 3060 268 3123 nihil
288 3065 402 3126 nocuit:
425 3082 496 3125 cura
517 3067 655 3142 graviora
679 3066 795 3124 timetur

120 3144 256 3206 Proxima
277 3156 454 3226 tempestae,
478 3148 561 3209 velut
582 3148 640 3209 lnoc
660 3146 747 3208 dilata
771 3162 888 3208 anano.

120 3226 279 3290 Praeterea
302 3231 403 3293 lateris
425 3231 508 3311 vigili
531 3249 597 3292 cum
618 3230 704 3292 lebna
727 3231 860 3291 dolonem

120 3309 152 3371 Si
174 3329 305 3392 coepere
326 3317 403 3394 pati,
427 3319 545 3376 mianum
567 3315 604 3377 ad
624 3334 677 3377 aua
700 3331 826 3395 corpora
846 3314 976 3375 morbum
1054 3321 1106 3375 23(

118 3392 231 3457 iniecto
253 3398 376 3458 credunt
397 3417 414 3461 a
435 3403 566 3470 numinc;
591 3419 660 3462 saxa
683 3401 803 3461 deorum

119 3475 200 3540 llaec
222 3489 253 3542 et
274 3480 334 3543 tela
357 3492 465 3561 putant
499 3484 645 3547 Peoudcm
665 3482 812 3562 spondero
834 3479 946 3544 sacello
