2582 3950
148 265 150 272 ’
203 264 242 326 12
527 276 562 322 o.
586 273 657 322 run.
680 273 868 322 wasnaum

201 415 248 476 Nil
269 416 320 476 tibi
342 434 374 476 se
396 415 508 476 debere
530 424 630 493 putat,
651 413 691 474 nil
715 415 848 474 conferet
864 429 1007 490 umquam,

201 501 375 577 Participeur
398 501 494 578 quite
517 501 626 559 secreti
646 499 717 558 iecit
738 498 870 566 bonesti;

202 581 295 644 Carus
314 584 369 642 erit
388 582 491 658 Verri,
512 583 561 661 qui
581 581 706 642 Verrem
727 589 858 658 tempore
882 596 939 656 quo
961 577 1022 640 vult

203 666 351 728 Accusare
370 675 478 746 potest.
517 665 598 726 Tanti
615 665 666 724 tibi
687 681 744 723 non
764 663 801 723 sit
821 665 908 741 opaci

202 749 300 810 Omnis
321 767 410 810 arena
432 749 504 826 'lagi
523 749 658 827 quodque
680 750 709 806 in
726 765 805 808 mare
823 746 948 807 volvitur
970 763 1078 821 aurum,
1154 758 1192 808 55

200 834 238 894 Ut
259 850 360 894 somno
382 851 484 895 careas
506 833 699 910 ponendaque
720 831 849 910 praemia
870 848 967 890 sumas

201 917 303 979 Tristis
326 926 356 977 et
376 935 392 978 a
410 931 513 993 magno
536 932 653 992 semper
673 915 801 975 timearis
822 915 925 975 amico.

243 1001 326 1076 Quae
349 1017 424 1060 nunc
445 998 578 1059 divitibus
599 1016 674 1075 gens
694 999 897 1079 acceptissima
918 998 1035 1073 nostris,

201 1087 238 1147 Et
260 1102 333 1164 quos
355 1083 514 1161 praecipue
537 1081 660 1159 fugiam,
682 1082 851 1162 properabo
874 1083 970 1156 lateri,

201 1170 264 1229 Nec
287 1167 381 1246 pudor
404 1163 539 1226 obstabit.
584 1164 650 1226 Non
671 1183 789 1244 possum
803 1167 909 1242 darre,
933 1164 1073 1239 Quirites,
1156 1172 1193 1225 60-

202 1252 343 1314 Graecam
363 1249 480 1323 urbem3
504 1252 633 1326 mamus
656 1260 744 1328 qurota
766 1252 862 1329 portio
884 1250 977 1309 faecis
999 1243 1133 1308 Achaei?

200 1333 392 1412 Iampridem
415 1334 506 1408 Syrus
527 1334 556 1392 in
573 1332 701 1394 Tiberim
722 1333 842 1395 deduxit
863 1331 1000 1407 Orontes,

201 1418 238 1478 llt
260 1418 385 1494 linguam
407 1425 438 1476 et
458 1433 557 1476 mores
580 1426 609 1476 et
632 1435 696 1478 cum
716 1416 836 1479 tibicine
854 1417 980 1477 chordas

201 1500 340 1579 Obliquas
359 1517 492 1560 necnon
511 1500 632 1578 gentilia
652 1509 786 1580 tympana
809 1518 908 1561 secum

201 1584 288 1644 Vexit
310 1592 340 1643 et
359 1583 395 1643 ad
419 1585 527 1643 circum
550 1585 643 1644 iussas
663 1594 798 1664 prostare
821 1583 945 1662 puellas.
1157 1589 1193 1643 65

200 1667 260 1743 lte,
282 1666 387 1745 quibus
409 1675 491 1744 grata
515 1678 561 1726 est
582 1667 661 1745 picta
683 1668 751 1747 lupa
771 1666 895 1728 barbara
915 1667 1012 1727 mitra!

200 1749 338 1811 Rusticus
359 1749 410 1810 ille
433 1760 497 1811 tuus
521 1754 604 1811 sumit
625 1752 835 1830 trecbedipna,
859 1749 995 1826 Quirine,

201 1833 239 1895 Et
260 1835 437 1894 ceromatico
459 1834 526 1896 lert
538 1837 679 1896 niceteria
701 1835 797 1896 collo!

200 1917 255 1979 llic
277 1918 334 1978 alta
354 1919 497 1994 Sicyone,
521 1928 566 1979 ast
584 1919 631 1980 bic
653 1919 806 1994 Amydone
829 1919 944 1992 relicta,

201 2001 255 2061 llic
276 2000 395 2077 Andro,
419 2003 469 2062 ille
492 2003 594 2078 Samo,
620 2004 667 2064 hic
691 2002 835 2064 Trallibus
858 2011 905 2062 aut
923 2000 1093 2075 Alabandis,
1158 2007 1194 2061 70

202 2085 349 2164 Esquilias
369 2084 533 2164 dictumque
557 2096 657 2165 petunt
675 2105 691 2147 a
712 2088 818 2148 vimine
841 2086 959 2162 collem,

201 2168 324 2229 Viscera
343 2187 509 2246 magnarum
533 2170 665 2229 domuum
688 2171 855 2249 dominique
876 2170 973 2230 futuri.

202 2253 352 2330 Ingenium
372 2251 478 2329 velox,
502 2252 623 2313 audacia
645 2252 774 2332 perdita,
795 2271 890 2314 sermo

202 2337 355 2415 Promptus
374 2344 404 2395 et
425 2335 510 2397 Isaeo
532 2338 699 2396 torrentior.
743 2335 825 2411 lide,
850 2335 918 2414 quid
940 2336 1018 2395 illum

202 2419 278 2480 Esse
299 2415 404 2499 putes?
426 2420 557 2498 quemuis
578 2418 723 2480 hominem
743 2439 843 2481 secum
865 2419 958 2480 attulit
978 2416 1015 2478 ad
1034 2434 1103 2477 nos:
1159 2424 1194 2479 tc

204 2502 427 2580 Grammaticus,
450 2505 565 2580 rhetor,
586 2513 774 2581 geometres,
797 2506 910 2585 pictor,
935 2503 1051 2581 aliptes,

203 2586 321 2663 Augur,
344 2585 576 2663 schoenobates,
600 2589 747 2666 medicus,
766 2607 883 2667 magus:
907 2587 1001 2648 omnia
1017 2587 1098 2646 novit

204 2668 364 2730 Graeculus
387 2671 536 2740 esuriens3
558 2671 587 2728 in
610 2671 742 2746 coelum,
764 2673 900 2746 iusseris,
923 2669 984 2729 ibit.

202 2753 235 2812 ln
258 2769 382 2826 summa,
402 2767 460 2811 non
473 2751 591 2813 Maurus
612 2760 676 2812 erat
695 2771 792 2830 neque
815 2756 945 2813 Sarmata
964 2770 1020 2811 nec
1043 2750 1150 2825 Thrax,

204 2835 260 2910 Qui
278 2837 399 2914 sumpsit
420 2837 540 2914 pinnas,
562 2827 668 2895 mediis'
685 2836 738 2895 sed
759 2844 843 2896 natus
864 2835 997 2894 Athenis.
1158 2841 1194 2896 80

203 2918 310 2979 llorum
331 2937 389 2998 ego
409 2938 465 2979 uon
487 2920 595 2995 ingiam
618 2916 792 2994 conchylia?
813 2938 859 2978 me
880 2919 960 2996 prior
981 2916 1031 2978 ille

204 3001 335 3080 Signabit
354 3004 502 3082 fultusque
525 3012 590 3063 toro
612 3002 735 3063 meliore
755 3003 916 3077 recumbet,

205 3086 354 3147 Adventus
375 3085 496 3148 Romam
520 3104 577 3166 quo
600 3104 690 3165 pruna
713 3095 743 3147 et
765 3095 883 3147 cottona
900 3082 1009 3146 vento?

207 3169 306 3249 Usque
328 3170 403 3231 adeo
426 3171 496 3232 nihil
519 3179 580 3246 est,
605 3171 682 3248 quod
705 3180 805 3231 nostra
826 3171 942 3230 infantia
962 3169 1076 3230 coelum

205 3253 306 3314 Hausit
327 3254 478 3330 Aventini,
502 3254 595 3315 bacca
612 3256 717 3314 nutrita
735 3252 862 3314 Sabina?
1159 3261 1194 3315 85

207 3336 282 3411 Quid
305 3338 382 3417 quod
401 3338 534 3398 adulandi
555 3355 630 3415 gens
653 3337 874 3417 pmdeutissima
897 3336 993 3398 laudat

207 3423 378 3481 Sermonem
396 3422 521 3497 indocti,
541 3421 646 3483 faciem
667 3420 807 3482 deformis
830 3422 925 3497 amici,

209 3503 244 3564 Et
264 3505 382 3583 longum
404 3504 521 3566 invalidi
542 3505 649 3566 collum
672 3504 837 3567 cervicibus
859 3514 965 3583 aequat
